4604 5562
1240 589 1882 602 m—ffl———-.——.

973 689 1175 742 ALBERICI
1203 689 1403 742 GENTILIS

488 931 697 996 Plataeenses
715 934 806 996 aiunt
826 933 915 1013 apud
937 931 1169 1012 Thucydidem
1180 929 1199 994 ¹.
1243 930 1305 994 Ait
1325 931 1588 996 Demosthenes:
1612 933 1703 996 cuius
1719 936 1883 998 orationes

487 1045 530 1106 ad
549 1043 733 1121 honesturn,
753 1053 785 1108 et
808 1045 964 1107 decorum
987 1063 1058 1106 esse
1080 1041 1253 1106 dicuntur:
1281 1042 1396 1106 salutis
1419 1063 1551 1124 quoque
1574 1044 1699 1107 ratione
1722 1046 1882 1126 neglecta,

487 1156 572 1232 licet,
587 1156 717 1218 hostem
734 1155 874 1218 multare
883 1153 904 1215 ².
950 1153 996 1216 Et
1011 1154 1057 1217 sic
1074 1153 1178 1230 Plato,
1194 1153 1391 1236 Xenophon,
1409 1155 1524 1218 Cicero
1534 1153 1555 1231 ³,
1572 1155 1683 1218 ‘Iusta
1699 1155 1786 1218 bella
1801 1157 1882 1220 defi-

488 1267 572 1328 ‘niri
589 1265 707 1344 solent,
729 1285 815 1346 quae
838 1265 1037 1328 ulciscuntur
1059 1263 1199 1340 iniurias,
1220 1265 1246 1326 si
1270 1285 1336 1345 qua
1357 1284 1447 1346 gens,
1468 1263 1520 1326 uel
1544 1264 1667 1342 ciuitas,
1687 1285 1771 1346 quae
1794 1265 1882 1330 bello

487 1379 655 1460 ‘petenda
682 1387 740 1454 est,
769 1376 821 1440 uel
847 1376 1013 1439 uindicare
1040 1375 1223 1457 neglexerit
1251 1375 1340 1456 quod
1363 1396 1383 1438 a
1405 1375 1473 1438 suis
1500 1375 1650 1457 improbe
1672 1376 1796 1440 sactum
1823 1387 1881 1456 est,

487 1488 563 1551 ‘uel
585 1489 720 1550 reddere
742 1487 833 1567 quod
857 1506 915 1568 per
933 1485 1083 1548 iniuriam
1101 1484 1249 1548 ablatum
1269 1482 1338 1562 est‚'
1356 1486 1402 1549 sic
1420 1485 1629 1567 Augustinus
1638 1484 1660 1552 ⁴.
1706 1485 1882 1550 Caeterum

487 1599 658 1680 perspicua
680 1597 761 1662 haec
785 1607 861 1660 sunt
885 1597 991 1659 nimis.
1036 1595 1148 1659 Etiam
1167 1575 1292 1678 species
1315 1596 1390 1659 iusti
1411 1595 1566 1660 interesse
1585 1597 1703 1660 dicitur
1720 1598 1810 1676 ultio,
1829 1599 1881 1662 uel

486 1710 513 1771 si
541 1719 670 1772 tantum
696 1709 807 1772 animo
834 1706 1043 1770 satisfaciat⁶.
1101 1705 1146 1769 Et
1173 1708 1291 1769 mimm
1319 1707 1425 1788 igitur,
1451 1708 1531 1788 quid
1559 1707 1638 1770 uelit
1666 1707 1800 1786 Seneca,
1824 1711 1881 1790 qui

486 1819 607 1897 scribit,
633 1819 876 1882 ‘Inhumanum
906 1818 1042 1881 uerbum
1073 1827 1124 1880 est
1154 1817 1296 1881 ULTIO:
1334 1827 1368 1880 et
1397 1837 1417 1880 a
1444 1818 1643 1882 contumelia
1674 1839 1740 1882 non
1770 1820 1881 1884 differt

488 1930 571 1992 ‘nisi
597 1930 713 1992 ordine
723 1927 755 1991 ⁶.'
799 1928 866 2010 Qui
890 1928 933 1991 ab
956 1928 1060 1991 altero
1084 1927 1223 1991 afficitur
1246 1928 1369 2005 iniuria,
1391 1927 1478 1990 hunc
1503 1927 1535 1989 in
1557 1927 1681 1992 honore
1704 1951 1770 1992 non
1795 1929 1879 1994 laedi

487 2061 574 2116 uere,
591 2039 779 2122 Philosophi
802 2049 945 2104 tractant
955 2039 977 2104 ⁷.
1024 2039 1069 2102 Et
1091 2040 1203 2120 itaque
1226 2039 1363 2117 uidetur,
1382 2059 1441 2102 nec
1464 2039 1584 2103 debere
1606 2039 1692 2104 uelle
1715 2040 1880 2105 offendere

485 2154 528 2216 ad
551 2153 710 2216 honorem
733 2152 1001 2233 recuperandum.
1047 2149 1150 2214 Stoici
1174 2151 1276 2214 nostri
1295 2171 1427 2232 quoque
1447 2150 1570 2214 faciunt
1594 2171 1688 2214 suum
1710 2152 1879 2216 hominem

485 2265 519 2326 in
546 2264 656 2327 omnia
683 2273 717 2326 et
743 2283 802 2345 per
827 2263 939 2325 omnia
965 2259 1212 2343 impassibilem.
1265 2261 1317 2324 At
1344 2262 1424 2326 istos
1449 2262 1502 2325 hic
1529 2283 1595 2326 non
1621 2264 1796 2344 sequimur,
1820 2265 1879 2328 sed

485 2373 712 2450 Aristotelem,
739 2373 786 2438 M.
812 2372 967 2450 Tullium,
991 2373 1047 2453 qui
1073 2392 1148 2435 curn
1175 2370 1275 2452 uulgo
1301 2371 1448 2436 tribuunt
1474 2373 1683 2454 opinionibus
1708 2374 1880 2438 hominum

486 2486 583 2550 ualde
593 2484 614 2549 ⁸.
660 2484 705 2547 Et
724 2503 802 2565 ergo
820 2483 1045 2563 traditumque
1063 2492 1121 2559 est,
1142 2501 1201 2546 nec
1220 2481 1341 2544 habere
1362 2483 1529 2564 priuatum
1547 2482 1668 2565 fugere,
1686 2486 1762 2566 quia
1779 2486 1880 2549 dede·

486 2616 543 2660 cus
557 2597 590 2660 id
606 2596 649 2660 sit
657 2596 678 2659 ⁹.
724 2595 809 2658 Cum
828 2593 973 2675 pluribus
988 2592 1068 2670 aliis,
1085 2613 1171 2674 quae
1186 2602 1262 2656 sunt
1278 2593 1399 2675 scripta
1415 2594 1458 2657 de
1476 2594 1598 2657 iniuriis
1619 2595 1652 2657 in
1670 2597 1739 2659 iure
1757 2607 1879 2660 nostro.

486 2708 554 2772 Sed
573 2729 633 2772 nec
651 2710 693 2772 de
711 2707 782 2771 solo
800 2706 852 2770 hic
871 2708 980 2790 agitur
997 2705 1129 2784 honore,
1145 2727 1259 2770 uerum
1278 2715 1311 2770 et
1328 2707 1371 2770 de
1389 2707 1495 2784 rebus,
1513 2727 1598 2788 quae
1621 2708 1715 2771 nobis
1738 2710 1881 2790 perdun-

484 2829 547 2882 tur·
602 2816 714 2882 Etiam
741 2825 832 2879 stant
859 2835 951 2897 reges
981 2825 1015 2879 et
1041 2835 1141 2905 regna
1168 2817 1312 2892 nomine,
1335 2825 1435 2898 atque
1460 2816 1713 2882 existimatione.
1769 2819 1881 2901 Quare

484 2950 671 3013 nomenque
694 2929 777 2994 tueri
800 2937 940 3010 oportet.
986 2927 1032 2990 Et
1054 2926 1152 3009 culpa
1175 2923 1278 3012 (quod
1297 2927 1375 2990 alibi
1393 2927 1543 2990 scribitur
1551 2925 1590 3013 10)
1608 2927 1712 3006 luerit,
1731 2930 1879 2994 relaxare

485 3043 676 3107 uindictam.
723 3040 778 3105 Sic
802 3060 916 3104 curare
937 3039 1039 3103 habet
1062 3039 1280 3120 magistratus,
1301 3060 1367 3103 non
1390 3040 1491 3103 modo
1513 3060 1609 3103 suum
1632 3040 1721 3104 laeso
1744 3043 1877 3120 restitui,

483 3158 542 3221 sed
561 3166 595 3220 et
617 3155 732 3238 punire
756 3154 950 3217 laedentem.
995 3153 1069 3216 Aut
1090 3153 1207 3218 leuiter
1229 3154 1326 3217 nimis
1343 3163 1495 3236 ageretur
1516 3175 1591 3218 cum
1614 3156 1879 3240 delinquentibus

484 3280 517 3333 et
542 3267 619 3332 mali
643 3268 854 3331 incitarentur
877 3266 919 3329 ad
945 3269 1148 3348 peccandum
1172 3286 1322 3348 semper:
1352 3266 1379 3329 si
1403 3267 1485 3330 ultio
1512 3287 1567 3330 eos
1594 3287 1658 3330 non
1681 3279 1879 3350 sequeretur.

482 3380 600 3463 Atque
616 3381 642 3444 si
658 3379 794 3461 priuatis
813 3399 887 3442 eam
906 3398 973 3442 non
991 3380 1177 3442 concedunt
1195 3378 1304 3460 leges:
1329 3380 1610 3460 quemadmodum
1630 3389 1664 3442 et
1684 3381 1727 3444 de
1744 3382 1879 3463 priuatis

483 3494 529 3557 sic
565 3493 733 3576 explicant
771 3492 950 3574 supradicti
986 3491 1202 3574 Philosophi:
1247 3491 1331 3555 ratio
1367 3489 1423 3555 illa
1460 3500 1518 3568 est,
1551 3493 1640 3573 quod
1678 3493 1878 3575 priuatarum

482 3605 672 3668 iniuriarum
705 3605 877 3668 constituti
911 3604 1034 3668 ultores
1058 3602 1221 3668 habentur
1256 3603 1477 3685 magistratus,
1514 3604 1570 3684 qui
1603 3623 1762 3686 personae
1791 3605 1879 3688 pub-

482 3716 565 3780 licae
597 3718 752 3798 bonoque
785 3715 922 3799 implere
953 3716 1065 3779 animo
1097 3716 1209 3779 ualent
1242 3724 1352 3797 partes
1386 3734 1502 3778 omnes
1534 3713 1685 3778 ultionis:
1724 3716 1758 3779 id
1788 3718 1878 3797 quod

483 3828 677 3891 iniustorum
700 3829 823 3893 iustitia
841 3829 1003 3893 creditum
1023 3837 1073 3890 est
1095 3828 1128 3890 in
1151 3827 1300 3908 personis
1318 3827 1463 3909 priuatis
1478 3828 1692 3892 reddentibus
1710 3848 1770 3910 pro
1790 3829 1878 3892 malo

483 3937 649 4004 marum11.
695 3938 835 4002 Priuatis
851 3939 977 4014 dicitur,
993 3949 1030 4002 ut
1046 3940 1182 4002 modurn
1197 3937 1385 4020 inculpatae
1400 3947 1530 4002 seruent
1548 3938 1690 4002 tutelae:
1715 3948 1749 4004 et
1766 3939 1878 4022 itaque

515 4229 524 4258 ¹
535 4229 609 4279 Dem.
621 4228 677 4278 adu.
691 4227 811 4288 Aristoc.;
828 4225 908 4278 Thuc.
921 4228 966 4280 lib.
980 4243 1002 4292 3.
1015 4246 1036 4280 c.
1049 4243 1089 4293 54.
1154 4229 1230 4280 ²P1u.
1241 4228 1333 4280 Demo.
1398 4230 1408 4260 ³
1425 4231 1452 4280 P.
1466 4245 1488 4280 1.
1499 4231 1530 4281 de
1541 4231 1620 4297 Rep.;
1638 4233 1730 4297 Cyrop.
1742 4238 1766 4282 et
1778 4233 1845 4284 Socr.

547 4311 641 4376 hang.
653 4311 704 4360 los.
715 4326 739 4374 q.
754 4323 791 4359 ιο.
890 4309 971 4360 ⁶Bal.
984 4311 1071 4374 l.5C.
1083 4311 1104 4362 si
1115 4327 1164 4361 ma.
1177 4311 1221 4362 ita.
1233 4312 1266 4362 fu.
1278 4312 1321 4364 all.
1334 4313 1370 4376 (4.
1382 4315 1433 4376 57).
1541 4313 1622 4364 ‘Sem
1637 4314 1812 4379 2.de1ra.31.

506 4391 598 4443 'Pico
609 4390 633 4441 6.
646 4393 699 4441 Mo.
710 4391 756 4440 Ph.
771 4404 808 4440 21.
877 4391 979 4443 *Arist
993 4410 1016 4457 4.
1028 4393 1087 4443 Eth.
1100 4407 1123 4456 3.
1137 4407 1180 4452 10;
1199 4394 1257 4444 Cas.
1269 4393 1292 4443 6.
1304 4394 1335 4444 de
1346 4395 1397 4446 Sin.
1409 4395 1578 4454 eernere.
1593 4396 1703 4460 nadQ.
1714 4396 1743 4446 ir.
1755 4412 1794 4462 ep.
1810 4411 1832 4446 2.

580 4473 678 4525 'Alere
693 4487 867 4539 1.cons.190;
886 4474 962 4525 lasl.
977 4475 1167 4540 3.deiust.(D.
1182 4489 1202 4526 1.
1220 4478 1254 4538 r).
1360 4475 1780 4544 ¹⁰c.1.depo.pr.;c.r.di.27.

974 4556 992 4586 ²¹
1009 4573 1030 4607 c.
1044 4571 1066 4608 1.
1080 4571 1118 4622 ²3·
1129 4572 1195 4624 q.3;
1217 4575 1239 4608 c.
1253 4558 1291 4608 16.
1305 4573 1343 4623 ²3·
1356 4576 1380 4625 q.
1393 4574 1416 4621 5.
