4456 5566
871 756 1274 822 PRAEFATIO.
1737 755 1773 816 xi

377 993 581 1069 aduocatus
626 995 742 1094 Regis
787 997 995 1094 Hispaniae
1037 997 1260 1072 constitutus
1301 1011 1368 1084 est,
1403 995 1574 1092 posuisse
1615 993 1772 1067 uidetur.

379 1128 552 1202 Mortuus
591 1147 650 1204 est
691 1132 849 1205 Londini
891 1133 952 1205 die
986 1153 1052 1204 xrx
1089 1131 1183 1202 lunii
1220 1152 1377 1218 uocum,
1413 1145 1452 1203 et
1490 1131 1526 1202 in
1560 1128 1774 1203 coemiterio

378 1260 554 1336 ecclesiae
596 1264 676 1338 8²⁸⁰
722 1263 894 1338 Helenae
937 1266 972 1336 in
1007 1263 1090 1337 uico
1132 1279 1260 1360 portae
1301 1264 1465 1360 episcopi
1509 1261 1774 1360 (Bishopsgate

378 1395 516 1494 Street)
537 1398 639 1471 iuxta
659 1398 893 1471 Matthaeum
912 1415 1066 1493 patrem,
1085 1397 1252 1494 sepultus
1269 1414 1329 1472 ,est
1340 1404 1362 1470 ¹.
1422 1397 1590 1472 Uxorem
1618 1396 1776 1470 duxerat

379 1529 579 1604 Estheram
614 1533 661 1604 de
699 1532 838 1629 Peigni,
871 1557 918 1604 ex
953 1557 1027 1627 qua
1062 1529 1156 1605 filios
1194 1531 1426 1606 Robertum²
1456 1547 1495 1605 et
1529 1529 1774 1617 Matthaeum,

377 1660 470 1736 filias
507 1662 707 1738 Estheram
742 1681 781 1738 et
816 1665 966 1738 Annam
998 1665 1217 1760 superstites
1251 1662 1417 1760 reliquit;
1457 1690 1614 1761 quorum
1651 1664 1774 1758 proles

377 1823 425 1870 an
442 1797 555 1872 hodie
573 1813 697 1872 exstet
714 1798 883 1871 nescitur.

431 1933 475 2004 ln
517 1930 653 2006 tabulis
693 1931 906 2005 testamenti
946 1931 1097 2006 fratrem
1140 1932 1362 2029 Scipionem,
1398 1948 1476 2006 tum
1519 1933 1697 2028 temporis
1740 1933 1776 2004 in

378 2064 585 2138 Academia
606 2063 841 2139 Altdorfiana
864 2064 989 2164 legum
1015 2082 1300 2151 antecessorem,
1320 2082 1490 2162 precatus
1508 2081 1566 2138 est
1584 2081 1624 2138 ut
1641 2065 1776 2139 librum

379 2224 490 2272 manu
518 2225 585 2273 sua
619 2199 794 2294 scriptum
830 2199 877 2271 de
912 2198 1165 2272 aduocatione
1197 2197 1406 2296 Hispanico
1441 2199 1539 2294 typis
1574 2200 1777 2286 mandaret,

378 2349 523 2414 ceteros
537 2358 669 2407 omnes
682 2331 955 2406 comburendos
973 2347 1127 2406 curaret.
1167 2332 1236 2406 Cui
1252 2349 1341 2406 uoto
1356 2332 1632 2428 obtemperauit
1650 2334 1775 2431 Scipio

381 2469 416 2540 in
434 2493 480 2543 eo
499 2468 600 2563 quod
619 2466 919 2540 Aduocationem
943 2466 1185 2564 Hispanicam
1205 2465 1340 2562 publici
1360 2467 1447 2540 iuris
1465 2467 1602 2542 lecerit.
1624 2469 1776 2574 'Libros

380 2617 526 2674 ceteros
548 2600 766 2673 combustos
789 2623 865 2671 non
888 2598 1003 2672 suisse
1024 2600 1269 2673 certissimum
1297 2615 1364 2686 est,
1387 2600 1507 2695 primo
1533 2601 1634 2697 quod
1656 2629 1704 2676 ex
1732 2603 1775 2675 iis

294 2763 299 2772 ·
376 2734 733 2810 commentationem
765 2732 812 2805 de
843 2731 890 2804 U.
913 2733 950 2805 S.
977 2733 1095 2806 edidit
1126 2733 1344 2808 Matthaeus
1373 2732 1470 2806 filius
1497 2759 1595 2809 anno
1623 2759 1776 2824 Mocxrv,

381 2869 516 2942 deinde
542 2867 644 2964 quod
670 2891 797 2940 eorum
820 2889 869 2938 xv
887 2865 1085 2954 uolumina,
1105 2893 1178 2939 una
1204 2894 1287 2941 cum
1314 2867 1437 2940 fratris
1464 2869 1660 2964 Scipionis
1675 2869 1778 2944 uolu-

382 3004 541 3077 minibus
560 3026 633 3089 xrv,
652 3000 772 3074 adhuc
792 3001 827 3073 in
848 2985 1078 3075 Bibliotheca
1097 3018 1223 3076 nostra
1245 3001 1447 3076 Bodleiana
1464 3003 1709 3077 adseruantur
1721 3013 1742 3076 ³.

423 3272 431 3305 ¹
454 3271 552 3330 Locus
574 3267 737 3346 sepultruae
758 3269 953 3344 ignorabatur,
975 3269 1070 3328 donec
1092 3269 1301 3346 archaeologus
1321 3268 1506 3329 doctissimus
1527 3269 1636 3346 loseph
1658 3271 1778 3331 Lemuel

384 3369 506 3430 Chester
516 3365 665 3428 consultus
676 3365 827 3444 respondit
841 3366 1009 3426 meminisse
1025 3387 1054 3426 se
1065 3367 1225 3428 Gentilium
1240 3368 1361 3426 nomina
1373 3367 1403 3426 in
1418 3366 1624 3444 peruoluendis
1638 3370 1778 3430 ecclesiae

385 3469 444 3528 stae
462 3468 594 3528 Helenae
617 3466 744 3542 registris
766 3464 881 3524 uidisse.
937 3465 994 3524 Die
1018 3467 1055 3524 vii
1082 3466 1156 3546 Iulii·
1172 3465 1256 3526 huius
1279 3465 1357 3537 anni,
1382 3483 1452 3524 cura
1476 3463 1621 3542 Leopoldi
1647 3465 1778 3543 Reginae

383 3577 499 3626 nostrae
517 3564 574 3638 filii,
589 3564 644 3624 uiri
665 3560 824 3622 admodum
843 3561 1020 3622 honorabilis
1035 3563 1157 3622 Roberti
1173 3562 1340 3621 Phillimore
1357 3561 1470 3638 equitis,
1485 3572 1705 3642 ceterommque
1727 3565 1777 3641 qui

383 3666 411 3723 id
434 3665 489 3724 sibi
507 3671 729 3740 proposuerant,
748 3669 972 3718 monumentum
995 3661 1024 3717 in
1045 3661 1216 3719 memoriam
1237 3659 1364 3718 Alberici
1384 3658 1507 3719 Gentilis
1528 3660 1558 3717 in
1579 3661 1634 3719 hac
1656 3662 1778 3721 ecclesia

384 3771 562 3823 exstructum
589 3769 649 3818 est:
681 3756 806 3816 familiae
835 3754 995 3816 Gentilium
1022 3765 1051 3816 et
1080 3758 1182 3833 oppidi
1212 3757 1382 3833 Sanginesii,
1409 3775 1525 3816 necnon
1554 3758 1778 3820 Academiarum

384 3861 537 3920 Pemsinae
559 3857 793 3932 Osoniensisque
815 3855 977 3931 insignibus
998 3865 1141 3915 ornatum.

422 3959 433 3991 ²
453 3958 525 4016 Erat
538 3956 561 4016 1.
577 3955 609 4015 C.
626 3955 659 4014 B.
674 3964 702 4014 et
717 3952 791 4013 Coll.
807 3953 948 4013 Omnium
965 3953 1137 4014 Animarum
1153 3955 1258 4014 socius.

423 4057 433 4089 ⁸
454 4057 523 4115 Hos
541 4055 629 4114 libros
651 4052 716 4112 MS.
729 4051 925 4111 bibliothecae
946 4063 1062 4112 nostrae
1082 4051 1283 4125 uendiderunt,
1295 4070 1373 4111 anno
1395 4071 1516 4126 rtocccv,
1531 4053 1654 4114 heredes
1676 4055 1777 4114 biblio-

383 4154 452 4231 phili
463 4153 537 4213 illius
548 4149 705 4222 D'Oruille,
720 4149 1023 4210 Amstelaedamensis.
1060 4149 1134 4210 Sunt
1147 4150 1266 4228 quidem
1281 4149 1395 4228 farrago
1411 4151 1664 4230 Iurisprudentiae,
1675 4153 1705 4210 in
1720 4170 1778 4228 qua

383 4253 566 4312 tractationes
585 4260 613 4309 et
631 4248 833 4309 adnotationes
850 4248 953 4322 uariae,
969 4249 1083 4326 paginis
1105 4251 1178 4308 inter
1200 4267 1231 4308 se
1250 4249 1425 4320 commixtis,
1440 4251 1519 4310 uelut
1537 4269 1600 4310 sors
1622 4251 1776 4320 dictitabat,

383 4349 412 4408 ln
426 4349 576 4409 uolumina
586 4357 725 4407 consutae
740 4355 815 4406 sunt.
845 4345 940 4406 Libris
951 4347 1115 4424 diligentius
1130 4348 1235 4407 iterum
1249 4347 1436 4423 inuestigatis,
1448 4348 1600 4408 adfirmare
1611 4366 1731 4424 possum
1747 4349 1777 4405 in

382 4447 417 4507 iis
427 4447 579 4506 contineri:
597 4445 774 4505 tractationis
788 4444 824 4504 de
840 4444 1073 4505 Condicionibus
1088 4455 1210 4522 quatuor
1224 4446 1354 4522 quinque
1364 4447 1574 4522 experimenta;
1589 4456 1725 4504 tractatus
1740 4445 1777 4503 de

384 4542 420 4604 U.
435 4543 474 4616 S,
489 4545 525 4604 de
541 4544 652 4622 Papatu
666 4542 851 4614 Antichristo,
867 4541 1047 4620 Hispanicae
1061 4543 1284 4615 Aduocationis,
1299 4543 1335 4602 de
1350 4543 1485 4616 Iudiciis;
1507 4543 1733 4603 commentarios
1748 4543 1777 4596 in

385 4641 514 4702 diuersos
528 4641 716 4717 Digestorum
732 4641 843 4712 titulos;
859 4640 1062 4699 adnotationes
1072 4641 1102 4700 in
1111 4641 1230 4700 consilia
1244 4641 1408 4711 Alexandri,
1421 4640 1558 4710 Romani,
1570 4641 1681 4710 Alciati,
1694 4637 1777 4697 Decii
