4456 5566
693 727 753 782 aa
783 729 886 784 [aaa
915 730 1049 802 sacas,
1078 732 1206 803 arar,
1238 732 1326 788 cap,
1348 733 1387 789 X.
1696 745 1735 804 41

343 970 562 1052 compelleret,
587 972 831 1053 peregrinorum
857 974 977 1036 rituum
1008 983 1158 1038 auctores
1190 973 1358 1056 suppliciis
1388 979 1648 1059 persequeretur,
1674 996 1740 1040 non

345 1082 444 1148 modo
460 1082 570 1148 Deum
589 1082 702 1164 gratia,
717 1103 800 1166 quos
818 1083 874 1166 qui
893 1085 1083 1163 contemnit,
1098 1084 1187 1148 haud
1207 1085 1307 1148 dubie
1324 1085 1414 1150 aliud
1432 1087 1610 1169 quicquam
1630 1089 1742 1170 magni

345 1192 449 1272 saciet,
477 1193 536 1258 sed
562 1203 737 1276 propterea
768 1195 877 1273 etiam,
902 1197 991 1278 quod
1018 1197 1074 1278 qui
1100 1215 1186 1260 noua
1214 1196 1348 1260 numina
1374 1196 1594 1276 introducunt,
1619 1196 1742 1262 multos

345 1304 512 1388 pelliciunt
529 1304 563 1368 in
582 1306 830 1384 coniurationes
845 1306 973 1388 aliaque
988 1327 1073 1388 quae
1089 1309 1224 1372 minime
1242 1309 1419 1372 commoda
1436 1309 1631 1392 principatui
1647 1310 1743 1373 unius

345 1427 420 1482 sunt
429 1415 450 1479 ¹.
494 1417 541 1481 Et
559 1416 826 1500 hacsuspicione
846 1418 969 1483 inducti
989 1418 1088 1483 hodie
1111 1439 1177 1483 non
1199 1419 1307 1484 ferunt
1326 1419 1462 1484 Lutheri
1485 1420 1626 1484 tradita:
1649 1422 1742 1503 quasi

311 1607 315 1616 Ι
346 1549 383 1592 ea
405 1529 564 1612 potestati
587 1528 773 1611 Principum
792 1529 1038 1596 aduersentur2.
1082 1528 1152 1593 Alii
1173 1540 1295 1610 contra,
1318 1532 1375 1613 qui
1398 1530 1547 1595 Luthero
1568 1532 1743 1595 audiemnt

348 1639 520 1723 Principes,
542 1660 608 1704 non
624 1640 738 1704 uident
762 1641 885 1724 primos
908 1639 1054 1719 libenter,
1074 1642 1143 1706 siue
1167 1641 1413 1721 ecclesiasticos,
1433 1643 1502 1708 siue
1520 1643 1640 1709 laicos:
1664 1664 1743 1707 nam

347 1750 637 1816 ecclesiasticorum
665 1752 796 1816 turbam
823 1752 983 1817 infinitam
1012 1753 1224 1818 iurisdictioni
1252 1753 1440 1837 Principum
1466 1755 1603 1819 subduci
1629 1755 1743 1818 uident

348 1863 523 1942 laicorum;
547 1872 580 1928 et
598 1863 747 1928 subditos
769 1864 911 1945 reliquos
933 1863 1084 1928 iudicatis
1106 1863 1297 1943 haereticis;
1325 1867 1424 1929 etiam
1448 1865 1532 1930 filios
1554 1865 1744 1949 parentibus

348 1975 414 2040 suis
434 1974 503 2038 fieri
520 1975 635 2040 hostes
644 1974 667 2040 ³.
714 1974 822 2053 Certe,
837 1996 922 2058 quae
944 1975 987 2040 sit
1009 1977 1209 2040 eiuscemodi
1234 1975 1348 2060 religio
1369 1979 1507 2042 aduersa
1531 1977 1744 2060 Principibus,

349 2107 412 2151 non
429 2086 557 2152 leretur.
596 2087 641 2150 Et
658 2087 775 2152 merito
791 2097 965 2170 propterea
983 2086 1068 2169 pulsi
1084 2087 1261 2170 aliquando
1274 2088 1447 2170 Epicuraei
1464 2088 1507 2152 ab
1523 2087 1630 2154 urbe¹.
1668 2108 1745 2152 nam

349 2198 548 2263 dissoluebat
572 2219 612 2262 ea
635 2207 725 2262 secta
750 2218 882 2280 prorsus
908 2197 1227 2262 administrationem
1252 2200 1388 2281 imperii.
1433 2207 1468 2263 ut
1491 2199 1573 2264 haec
1596 2208 1666 2264 erat
1688 2200 1746 2263 ad·

350 2311 543 2376 ministratio
561 2309 666 2374 multa
684 2309 717 2372 in
733 2309 944 2392 religionibus
964 2318 998 2372 et
1018 2319 1106 2372 metu
1125 2308 1282 2374 Deorum.
1328 2310 1418 2393 Quin
1436 2311 1504 2374 imo
1522 2311 1564 2374 ab
1582 2309 1746 2374 atheismo

352 2421 532 2500 manifesto,
559 2431 591 2486 et
616 2421 762 2504 professo
788 2420 867 2484 nihil
894 2419 1035 2486 multum
1062 2420 1162 2484 distat
1190 2421 1444 2504 Epicureismus.
1490 2423 1540 2488 Ut
1566 2421 1746 2486 doctissimi

353 2533 497 2598 Hebraei
523 2532 679 2608 scribunt,
704 2532 830 2596 dictum
858 2532 990 2596 Iudaeis
1018 2532 1216 2614 Epicuraeis,
1241 2533 1473 2614 ‘Negauerunt
1498 2533 1689 2611 Dominum,
1714 2541 1748 2596 et

352 2647 538 2724 ‘dixenmt,
553 2645 630 2727 quia
645 2664 711 2708 non
728 2652 778 2708 est
789 2640 822 2708 ὅ]
867 2642 967 2726 Quod
985 2643 1012 2706 si
1028 2664 1107 2707 uero
1123 2643 1237 2726 religio
1258 2643 1462 2727 Principibus
1477 2665 1542 2708 non
1559 2652 1656 2708 nocet
1671 2643 1748 2707 sub·

352 2759 494 2823 ditorum
515 2756 632 2834 aliena,
648 2756 755 2820 Persis
777 2754 840 2819 illis
863 2775 976 2828 sumus
1000 2749 1259 2842 improbi[ores]‚
1277 2755 1332 2838 qui
1349 2755 1480 2820 Danieli
1501 2755 1748 2834 insidiabantur,

351 2869 433 2934 siet
460 2889 521 2932 nos
547 2869 672 2932 alienae
698 2867 862 2950 religionis
888 2865 1125 2949 professoribus
1154 2866 1284 2931 molesti
1311 2888 1442 2933 sumus:
1474 2878 1606 2933 etcum
1631 2869 1747 2932 iisdem

353 2981 489 3046 dicimus
513 2981 628 3060 Persis,
651 2981 747 3044 ‘Non
770 2999 883 3043 sumus
906 2977 1068 3042 inuenturi
1091 2988 1205 3042 contra
1223 2979 1305 3043 istos
1328 2981 1534 3045 occasionem
1556 2980 1669 3058 ullam,
1686 2981 1748 3044 nisi

354 3091 578 3158 ‘inueniamus
608 3093 651 3156 de
680 3091 753 3176 lege
783 3092 928 3173 ipsorum
941 3086 973 3154 ¹?
1020 3091 1058 3154 ld
1086 3089 1243 3154 iniustum
1274 3091 1484 3156 affirmamus.
1531 3094 1662 3157 ‘Bonus
1691 3093 1749 3170 uir,

355 3203 475 3269 ‘Caius
497 3202 600 3282 Seius,
621 3213 750 3268 tantum
772 3202 862 3285 quod
887 3200 1091 3266 Christianus
1100 3199 1133 3264 ¹.'
1180 3201 1248 3265 Sed
1275 3205 1448 3285 omnisque
1475 3201 1749 3288 (respondebunt)

356 3316 546 3398 religionum
561 3315 733 3380 diuersitas
749 3314 939 3379 societatem
956 3312 1101 3396 quodam
1122 3313 1221 3376 modo
1237 3314 1383 3396 impedit.
1438 3315 1486 3380 Ut
1503 3315 1610 3378 unitas
1625 3313 1748 3378 scilicet

356 3427 517 3511 religionis
538 3426 625 3505 lacit,
642 3427 753 3490 unitos
775 3425 926 3489 homines
950 3444 1030 3488 esse.
1075 3425 1165 3506 quod
1190 3423 1233 3487 de
1255 3425 1322 3488 suis
1346 3425 1477 3489 Iudaeis
1494 3425 1605 3490 scribit
1624 3423 1718 3488 Philo
1727 3421 1749 3488 ¹.

358 3540 400 3604 Et
431 3539 555 3618 Cicero,
582 3539 672 3621 quod
703 3538 914 3619 magistratus
940 3536 1118 3600 constituta
1148 3535 1312 3617 religione,
1337 3535 1572 3619 rempublicam
1603 3535 1750 3600 maxime

356 3652 522 3716 continent
533 3649 555 3712 ¹.
601 3649 646 3713 Et
664 3648 728 3727 alii,
750 3649 841 3731 quod
864 3668 907 3712 ex
931 3666 970 3710 ea
992 3646 1183 3710 diuersitate
1203 3645 1377 3728 religionis,
1400 3647 1499 3711 etiam
1522 3656 1557 3711 et
1578 3656 1750 3728 sectarum,

358 3784 463 3846 exque
474 3763 631 3827 distantia
642 3761 729 3824 uitae
745 3768 844 3842 atque
861 3777 998 3835 morum,
1011 3766 1044 3821 et
1056 3757 1132 3820 odia
1147 3767 1242 3821 sunt:
1259 3767 1359 3839 atque
1374 3778 1418 3822 ex
1433 3758 1517 3822 odiis
1533 3757 1750 3824 seditiones¹⁰.

358 3894 420 3956 quo
449 3893 549 3956 saepe
580 3871 667 3936 malo
698 3871 847 3935 ciuitates
877 3869 1009 3933 interire
1039 3877 1178 3932 constat.
1238 3869 1422 3933 Diuersitas
1452 3869 1616 3954 religionis
1645 3870 1752 3934 omnis

359 3985 505 4052 dissoluit
531 3984 713 4066 imperium.
759 3981 809 4046 Ut
835 3990 946 4045 censet
973 3979 1154 4055 Cardanus‚
1179 3989 1213 4043 et
1243 3981 1452 4062 pertinaciter
1482 3983 1651 4047 contendit
1682 4002 1752 4046 mo·

360 4100 476 4164 demus
492 4093 690 4161 Politicus¹¹.
736 4094 811 4157 Imo
828 4092 935 4155 omnis
953 4111 1018 4155 non
1038 4092 1139 4155 modo
1160 4093 1307 4170 mutatio,
1325 4094 1383 4157 sed
1403 4094 1503 4158 etiam
1526 4095 1678 4168 accessio,
1694 4101 1753 4157 aut

363 4328 369 4358 ¹
384 4331 439 4384 Dio¹
453 4331 496 4383 lib.
508 4343 548 4394 52.
563 4345 583 4378 c.
598 4326 635 4392 36.
704 4325 715 4355 ¹
727 4325 799 4376 Guic.
814 4340 850 4389 ¹3·
865 4340 903 4374 ao.
968 4324 1009 4375 ἐ.
1024 4337 1045 4372 a.
1057 4322 1088 4373 de
1101 4323 1175 4373 iudic.
1187 4339 1207 4373 c.
1222 4337 1260 4387 13.
1272 4325 1302 4373 de
1314 4323 1411 4380 haere.;
1431 4325 1458 4376 P.
1470 4325 1541 4375 elem.
1553 4337 1581 4388 5:
1600 4321 1717 4376 Nat.'Co.
1729 4340 1753 4390 9.

453 4413 462 4445 ¹
478 4413 577 4462 Aelian.
589 4411 634 4461 lib.
645 4425 669 4476 9.
681 4427 703 4460 c.
717 4423 754 4459 υ.
876 4405 886 4436 ¹
902 4407 932 4457 R.
945 4407 1015 4470 Moy.
1027 4407 1105 4470 Aegy.
1119 4421 1141 4469 3.
1153 4406 1208 4456 duc.
1220 4406 1279 4457 dub.
1295 4407 1332 4458 18.
1454 4406 1464 4437 ¹
1481 4407 1580 4457 Daniel.
1593 4406 1616 4458 6.
1634 4422 1656 4470 5.

485 4493 496 4525 ¹
512 4493 606 4545 Tertul.
620 4495 686 4559 Apo.
699 4507 721 4556 3.
853 4489 863 4518 ¹
880 4489 943 4540 Phil.
955 4489 987 4539 de
999 4489 1057 4538 For.
1071 4491 1107 4554 (p.
1121 4491 1189 4551 741).
1329 4489 1339 4518 ¹
1356 4489 1409 4539 Cic.
1425 4503 1446 4537 a.
1460 4488 1490 4539 de
1503 4488 1571 4553 Legi.
1586 4501 1623 4536 11.

423 4577 442 4607 ¹¹
458 4578 557 4628 Manet.
568 4575 600 4624 de
611 4575 681 4640 Legi.
692 4593 699 4638 ;
711 4574 787 4640 Apul.
799 4572 831 4624 de
842 4572 935 4624 Philos.
947 4587 1010 4621 mor.
1109 4569 1126 4599 ¹¹
1143 4571 1217 4621 Cerd.
1231 4585 1252 4634 3.
1265 4572 1296 4620 de
1307 4571 1381 4636 Sap.;
1394 4571 1462 4635 Lips.
1476 4569 1529 4620 Pol.
1540 4570 1583 4620 lib.
1596 4585 1620 4635 4.
1632 4586 1654 4619 c.
1667 4584 1689 4632 3.

1046 4775 1070 4824 G
