4604 5562
514 713 556 777 60
998 721 1200 775 ALBERICI
1227 721 1426 776 GENTILIS

515 967 557 1032 de
575 967 817 1049 praeueniendo
835 975 912 1031 sunt
933 966 1022 1048 apud
1039 964 1182 1030 Gellium
1202 963 1368 1038 notabilia,
1388 964 1450 1028 ‘In
1468 965 1620 1028 omnibus
1639 966 1735 1029 rebus
1753 967 1909 1030 cauendis

515 1084 604 1142 ‘non
627 1079 744 1142 eadem
767 1099 901 1156 caussa:
925 1097 1032 1160 neque
1051 1077 1215 1141 humanae
1237 1076 1326 1140 uitae
1348 1075 1490 1158 negotia,
1509 1086 1542 1140 et
1564 1077 1719 1156 actiones,
1741 1086 1775 1140 et
1793 1077 1909 1156 officia,

516 1192 524 1222 ‘
562 1189 592 1252 el
622 1189 814 1272 occupandi,
844 1189 896 1252 uel
927 1188 1106 1266 differendi,
1138 1187 1190 1251 uel
1221 1187 1406 1264 ulciscendi,
1439 1186 1491 1250 uel
1525 1189 1673 1253 cauendi.
1718 1187 1909 1266 Gladiatori,

518 1300 724 1382 'composito
744 1301 787 1364 ad
811 1299 1037 1382 pugnandum,
1059 1318 1190 1381 pugnae
1209 1297 1291 1361 haec
1313 1297 1481 1379 proposita
1503 1297 1569 1362 fors
1592 1307 1651 1376 est,
1672 1308 1731 1362 aut
1752 1299 1909 1372 occidere,

516 1410 566 1474 ‘si
585 1410 816 1492 occupauerit;
839 1419 897 1473 aut
915 1409 1116 1486 occumbere,
1134 1408 1162 1471 si
1180 1408 1366 1472 cessauerit.
1410 1407 1593 1471 Hominum
1615 1417 1729 1472 autem
1751 1409 1821 1472 uita
1844 1429 1909 1473 non

517 1526 618 1585 ‘tam'
642 1521 761 1604 iniquis
796 1540 904 1602 neque
933 1529 1003 1583 tam
1034 1519 1202 1583 indomitis
1232 1519 1482 1583 necessitatibus
1511 1519 1756 1601 circumscripta
1785 1529 1843 1598 est,
1873 1529 1912 1583 ut

517 1630 662 1697 ‘idcirco
683 1631 772 1714 prior
789 1631 940 1694 iniuriam
962 1629 1070 1694 facere
1089 1630 1220 1707 debeas
1235 1649 1344 1712 quam,
1360 1629 1421 1692 nisi
1439 1629 1560 1704 feceris,
1584 1630 1654 1713 pati
1677 1631 1782 1712 possis
1790 1627 1821 1694 ¹.’
1865 1630 1912 1692 Et

518 1741 644 1822 Cicero,
667 1741 771 1825 ‘Quis
791 1740 855 1805 hoc
873 1741 989 1804 statuit
1011 1759 1178 1823 umquam,
1199 1748 1257 1803 aut
1279 1739 1331 1803 cui
1354 1739 1489 1803 concedi
1512 1740 1581 1803 sine
1607 1759 1737 1804 summo
1763 1739 1911 1803 omnium

519 1852 687 1936 ‘periculo
706 1858 825 1936 potest,
839 1860 878 1914 ut
895 1871 971 1915 eum
990 1849 1059 1915 iure
1077 1851 1221 1934 potuerit
1243 1850 1399 1927 occidere,
1415 1869 1435 1912 a
1453 1869 1519 1931 quo
1536 1851 1692 1914 metuisse
1708 1871 1743 1914 se
1758 1849 1855 1928 dicat,
1870 1871 1912 1912 ne

519 1971 527 2000 ¹
543 1965 615 2047 ipse
629 1962 791 2046 posterius
806 1959 1060 2026 occideretur²i’
1104 1960 1173 2026 Sed
1190 1968 1277 2024 recte
1292 1969 1404 2024 tamen
1421 1959 1583 2024 Mitilenei
1599 1969 1712 2024 contra
1726 1959 1913 2024 Athenien·

519 2095 580 2152 ses,
595 2081 606 2112 ‘
619 2073 655 2139 si
672 2073 722 2137 cui
738 2073 890 2136 uidemur
904 2072 1018 2150 iniurii,
1033 2073 1122 2155 quod
1141 2071 1266 2154 priores
1283 2071 1471 2145 defecimus,
1488 2090 1554 2134 non
1569 2070 1816 2154 praestolantes,
1831 2071 1912 2134 dum

520 2184 641 2268 ‘plane
656 2202 928 2265 cognosceremus
946 2182 974 2246 si
993 2182 1073 2264 quid
1095 2181 1140 2245 illi
1157 2189 1320 2259 nocerent,
1336 2181 1362 2244 is
1378 2200 1443 2244 non
1459 2190 1547 2246 recte
1561 2182 1767 2246 considerat:
1792 2201 1869 2245 nam
1885 2181 1912 2244 si

521 2305 589 2360 ‘ex
606 2313 713 2377 aequo
731 2293 955 2371 ualuissemus,
971 2303 1005 2357 et
1022 2294 1159 2358 tendere
1177 2292 1239 2356 illis
1257 2292 1392 2355 insidias
1410 2292 1563 2368 uicissim,
1579 2301 1613 2356 et
1627 2293 1772 2357 cunctari
1788 2293 1914 2375 potuis-

520 2408 654 2470 ‘semus
669 2414 751 2482 tuto,
766 2413 838 2468 tum
857 2403 912 2470 ille
930 2405 1054 2469 diceret
1069 2424 1192 2468 uerum.
1222 2413 1259 2468 at
1278 2423 1352 2468 cum
1374 2423 1475 2486 penes
1495 2423 1552 2467 eos
1571 2423 1702 2487 semper
1715 2405 1758 2470 sit
1774 2404 1913 2468 facultas

521 2517 707 2581 ‘nocendiz
741 2535 843 2598 penes
869 2535 930 2579 nos
953 2513 1017 2580 hoc
1046 2516 1157 2580 decuit
1187 2535 1266 2591 esse,
1296 2521 1333 2577 ut
1363 2513 1588 2578 defensionem
1617 2511 1913 2598 anticiparemus³.’

522 2625 614 2710 Quid
639 2645 766 2692 rursum
789 2624 995 2709 postulamus
1018 2624 1177 2703 Bartolos,
1200 2623 1342 2688 Baldos:
1371 2644 1510 2710 quorum
1532 2633 1591 2688 aut
1610 2625 1707 2688 nudis
1730 2624 1915 2688 nominibus

521 2733 830 2821 adquiesceremus?
862 2736 908 2800 Et
924 2713 1147 2800 defensionem
1164 2734 1380 2818 Reipublicae
1394 2735 1624 2814 nobilissimae,
1635 2736 1702 2800 imo
1711 2735 1913 2810 Thucididis,

521 2847 664 2916 hominis
701 2846 893 2910 nobilissimi
926 2855 960 2910 et
996 2846 1236 2929 sapientissimi,
1268 2845 1475 2924 sententiam,
1508 2846 1634 2910 ratione
1669 2845 1914 2925 communitam,

522 2957 625 3041 pluris
643 2977 708 3022 non
725 2954 909 3021 faciamus?
955 2956 1041 3021 Cum
1060 2966 1172 3020 autem
1195 2977 1261 3020 non
1283 2977 1350 3020 una
1371 2956 1551 3039 probabilis
1569 2958 1709 3022 timendi
1731 2979 1830 3022 causa
1852 2958 1913 3022 sit:

521 3078 557 3134 et
571 3067 767 3152 generaliter
780 3068 824 3131 de
840 3089 879 3132 ea
894 3067 1020 3131 definiri
1036 3067 1116 3131 nihil
1131 3067 1257 3150 possit:
1280 3067 1333 3132 hic
1351 3067 1497 3132 dicemus
1519 3077 1659 3147 tanturn,
1673 3069 1764 3151 quod
1786 3088 1916 3150 semper

521 3179 584 3244 fuit
617 3178 716 3244 ualde
749 3178 1001 3258 consideratum,
1031 3188 1066 3242 et
1096 3176 1206 3254 hodie,
1236 3186 1271 3242 et
1299 3177 1456 3261 deinceps
1485 3178 1759 3243 considerandum
1790 3189 1849 3258 est,
1878 3187 1916 3242 ut

522 3289 725 3374 principibus
751 3288 942 3372 potentibus
967 3298 1001 3352 et
1025 3289 1216 3384 ambitiosis¹
1231 3288 1365 3352 obuiam
1390 3297 1502 3353 eatur:
1537 3288 1583 3351 illi
1610 3290 1697 3353 enim
1720 3289 1817 3353 nullis
1839 3309 1915 3354 con-

522 3401 607 3466 tenti
628 3400 756 3475 finibus,
781 3399 929 3463 omnium
950 3399 1127 3483 aliquando
1149 3399 1298 3463 fortunas
1321 3398 1457 3462 tandem
1484 3399 1653 3465 inuadent.
1697 3397 1753 3464 Sic
1772 3399 1915 3464 Romani

524 3519 662 3576 mouent
681 3511 806 3575 bellum
829 3520 943 3576 contra
965 3510 1174 3594 Philippum:
1197 3530 1238 3574 ne
1256 3510 1395 3574 subacta
1412 3510 1439 3572 is
1456 3509 1593 3574 Graecia
1611 3520 1759 3576 moueret
1777 3511 1809 3575 in
1828 3510 1917 3594 ipsos

523 3623 611 3706 prior
622 3621 644 3688 ⁴.
690 3621 746 3688 Sic
768 3621 996 3704 Lysimachus,
1018 3621 1075 3685 ubi
1099 3621 1289 3685 Demetrius
1312 3639 1450 3703 regnum
1476 3621 1617 3703 adeptus
1643 3621 1714 3700 fuit,
1736 3641 1778 3686 ne
1801 3642 1838 3686 se
1863 3621 1917 3684 ille

522 3741 718 3815 prouocaret
733 3741 891 3811 metuens,
906 3733 1031 3814 primus
1045 3752 1139 3798 arma
1154 3731 1343 3796 commouit.
1360 3741 1394 3797 et
1408 3731 1542 3809 sciebat,
1554 3742 1728 3816 paternum
1744 3733 1917 3797 Demetrio

524 3845 630 3906 inesse
653 3843 695 3909 de
717 3843 943 3924 promouendo
965 3843 1102 3927 imperio
1127 3843 1272 3926 cogitare
1294 3863 1425 3925 semper
1433 3842 1454 3908 ⁵.
1500 3843 1556 3907 Sic
1579 3843 1916 3908 Lacedaemoniorum

523 3953 622 4034 legati
647 3961 782 4016 monent
805 3972 917 4035 regem
936 3952 1067 4017 Siciliae
1087 3956 1132 4018 ad
1149 3953 1293 4018 bellum:
1315 3953 1393 4036 quia
1407 3953 1503 4018 uictis
1521 3954 1652 4037 reliquis
1669 3953 1802 4018 Graecis
1820 3953 1919 4016 Persa

523 4073 557 4126 et
576 4064 609 4125 in
626 4061 755 4126 Siculos
772 4082 865 4125 arma
886 4062 1105 4127 uerisimiliter
1127 4073 1273 4127 moturus
1291 4073 1386 4129 esset.
1416 4064 1530 4128 ‘nobis
1548 4085 1646 4148 opem
1664 4063 1800 4128 ferendo
1814 4071 1919 4127 temet

523 4171 680 4250 ‘tutaris’
705 4171 828 4238 aiuntt
874 4172 930 4237 Sic
960 4173 1021 4256 ipsi
1048 4173 1313 4253 Lacedaemonii,
1339 4174 1382 4238 ab
1407 4173 1583 4239 Acanthiis
1613 4176 1768 4260 persuasi,
1794 4173 1917 4238 bellum

522 4283 704 4366 suscipiunt
719 4291 833 4347 contra
846 4283 1043 4366 Olynthios:
1058 4284 1115 4367 qui
1129 4285 1312 4368 subigendo
1328 4284 1452 4349 uicinos
1467 4287 1621 4369 undique,
1637 4295 1672 4351 et
1685 4287 1729 4350 ad
1745 4285 1921 4350 remotiora

622 4515 631 4547 ¹
649 4513 715 4566 Gell.
725 4512 781 4564 libr.
796 4525 817 4578 7.
828 4528 850 4563 c.
863 4527 886 4577 3.
1045 4515 1055 4544 ¹
1072 4515 1125 4566 Cic.
1137 4532 1183 4582 pro
1195 4515 1232 4568 M.
1245 4516 1311 4567 Tull.
1322 4517 1384 4584 frag.
1540 4519 1550 4548 ¹
1567 4518 1646 4568 Thnc.
1657 4517 1700 4568 lib.
1713 4533 1735 4582 3.
1749 4533 1771 4568 c.
1784 4531 1823 4568 12.

687 4597 696 4628 ⁸
714 4599 818 4648 zonam⁸
829 4597 874 4648 lib.
886 4611 909 4664 9.
921 4613 940 4648 c.
955 4609 994 4661 ¹5·
1089 4597 1100 4627 ⁵
1116 4599 1188 4650 Paus.
1199 4599 1242 4650 lib.
1256 4613 1276 4650 r.
1288 4615 1310 4652 c.
1324 4614 1361 4651 ιο.
1460 4600 1471 4631 ⁸
1488 4601 1565 4652 Hero.
1577 4600 1620 4650 lib.
1634 4609 1656 4663 7.
1668 4615 1690 4650 c„
1703 4613 1759 4664 157·
