4604 5562
481 633 1284 650 ..—-.-.—..————-——-—-·.-...—

484 727 524 790 86
964 731 1167 788 ALBERJCI
1193 731 1393 788 GENTILIS

479 983 576 1047 detur
593 991 724 1046 tantum
742 981 786 1043 ad
804 977 947 1042 limites?
992 978 1093 1060 Quod
1108 977 1223 1041 secisse
1238 977 1317 1041 olim
1333 977 1518 1056 Britannos,
1534 999 1620 1042 nunc
1635 979 1741 1043 lacere
1757 980 1875 1046 Sinen-

481 1115 544 1170 ses,
560 1095 712 1158 audimus
721 1091 742 1156 ¹.
783 1090 866 1154 Mihi
882 1111 990 1172 neque
1005 1091 1145 1154 uetitum
1160 1090 1292 1153 uidetur
1306 1089 1548 1154 commercium.
1585 1091 1717 1175 Hospes
1732 1114 1876 1176 namque

481 1204 559 1288 pelli
582 1225 648 1268 non
671 1203 798 1280 dicitur,
814 1200 870 1283 qui
893 1201 925 1264 in
947 1199 1037 1264 omni
1059 1207 1154 1281 parte
1175 1199 1295 1263 domus
1318 1218 1384 1262 non
1408 1199 1579 1282 excipitur.
1624 1203 1670 1266 Et
1693 1202 1769 1268 licet
1789 1205 1874 1268 clam

480 1317 602 1380 habere
618 1315 707 1398 regni
723 1333 856 1378 arcana:
879 1331 1054 1393 arcereque
1069 1330 1185 1374 omnes
1201 1309 1257 1391 qui
1272 1319 1329 1373 aut
1344 1311 1479 1374 scrutari
1498 1311 1648 1377 uenerint
1665 1322 1722 1376 aut
1740 1317 1875 1378 scrutari

481 1429 607 1512 possint
616 1427 638 1492 ².
683 1427 796 1490 Etiam
818 1423 944 1487 licitum
965 1423 1105 1496 uidetur,
1124 1421 1289 1502 prohiberi
1312 1421 1490 1503 aliquando
1513 1425 1676 1504 quaedam
1698 1427 1874 1508 exportari,

482 1549 519 1604 ut
541 1559 664 1614 aurum,
688 1544 936 1618 argentumque.
966 1553 1008 1597 ne
1030 1533 1082 1596 uel
1101 1532 1335 1596 exhauriantur
1352 1533 1558 1615 prouinciae:
1581 1545 1633 1599 ast
1654 1555 1777 1600 merces
1800 1558 1874 1601 cum

483 1652 644 1714 mercibus
667 1645 770 1734 (quod
793 1648 842 1709 ius
862 1645 1012 1728 priscum,
1030 1653 1064 1708 et
1087 1643 1232 1727 Lycurgi
1242 1640 1269 1729 ³)
1291 1643 1549 1727 permutentur⁴.
1595 1645 1651 1710 Sic
1666 1647 1745 1711 olim
1761 1651 1874 1713 consul

484 1764 598 1828 Cicero
610 1760 730 1824 iussit⁵.
754 1758 809 1823 Sic
823 1757 990 1838 Hispanus
1005 1755 1123 1820 alicubi
1136 1775 1309 1838 regnomm
1325 1775 1457 1818 suorum
1470 1755 1558 1822 facit.
1581 1755 1714 1839 Anglus
1728 1760 1774 1823 sic
1790 1759 1875 1825 lacit.

484 1874 601 1937 Dicam
618 1874 660 1936 de
675 1871 760 1934 ferro
776 1871 808 1932 in
825 1869 922 1932 tertio
939 1867 1030 1932 libro.
1070 1866 1178 1929 Extra
1193 1866 1254 1930 hos
1269 1886 1363 1929 casus
1379 1875 1436 1929 aut
1453 1867 1534 1930 alios
1549 1867 1728 1949 singulares
1743 1871 1769 1934 si
1786 1892 1875 1936 com-

484 1985 639 2047 mercium
653 1981 838 2063 impeditur,
847 1979 970 2042 bellum
983 1977 1175 2060 suscipietur
1187 1977 1279 2041 iuste.
1303 1977 1414 2040 Etiam
1429 1977 1652 2042 Bononienses
1663 1993 1875 2064 susceperunt

473 2103 596 2178 ‘contra
610 2094 758 2158 Uenetos
772 2090 896 2153 bellum
912 2110 955 2154 ex
970 2089 1032 2152 hac
1048 2089 1190 2152 caussa⁶.
1223 2087 1344 2164 Etiam,
1361 2108 1463 2170 quum
1478 2109 1536 2170 per
1551 2089 1639 2154 bella
1654 2091 1877 2174 impediuntur

484 2202 586 2291 (quod
605 2203 702 2267 ualde
720 2201 854 2266 solenne
869 2199 933 2286 est)
949 2199 1153 2276 commercia,
1169 2200 1327 2262 suadetur
1340 2198 1539 2263 bellantibus
1555 2221 1623 2282 pax
1638 2223 1658 2264 a
1674 2202 1876 2286 Principibus

483 2318 574 2380 aliis:
598 2325 640 2393 et,
656 2313 865 2396 impersuasis
887 2331 1004 2394 pacem
1026 2309 1143 2386 facere,
1162 2309 1287 2373 bellum
1306 2309 1449 2388 infertur,
1464 2320 1502 2374 ut
1520 2313 1677 2394 exempla
1698 2316 1793 2395 apud‘
1809 2315 1876 2378 his-

483 2427 604 2490 torlcos
618 2433 695 2489 sunt
712 2423 833 2487 bona⁷.
879 2421 1073 2485 Praesertim
1092 2441 1168 2484 cum
1185 2420 1242 2483 diu
1262 2430 1320 2497 est,
1337 2421 1426 2503 quod
1445 2421 1579 2486 bellant.
1625 2423 1674 2486 Ut
1692 2424 1737 2487 sic
1756 2425 1789 2487 in
1808 2427 1876 2490 iure

483 2537 642 2602 canonico
657 2537 784 2610 dicitur,
800 2535 965 2617 cogendos
980 2534 1023 2596 ad
1039 2553 1156 2614 pacem
1170 2533 1319 2596 inimicos
1334 2542 1410 2615 post
1425 2532 1560 2616 longum
1576 2542 1706 2616 tempus
1715 2534 1738 2600 ⁸.

528 2650 655 2713 Uerum
671 2649 713 2710 de
728 2645 932 2712 commerciis
947 2645 1035 2709 satis.
1073 2645 1171 2708 Nunc
1186 2644 1229 2707 de
1245 2663 1343 2707 mare.
1386 2645 1461 2707 Hoc
1477 2654 1592 2709 natura
1607 2646 1760 2710 omnibus
1775 2657 1877 2730 patet.

484 2771 519 2825 et
535 2759 719 2824 communis
736 2758 806 2822 eius
821 2778 897 2821 usus
914 2757 1066 2821 omnibus
1086 2764 1144 2833 est,
1161 2764 1198 2818 ut
1213 2755 1324 2818 aerist
1370 2754 1448 2820 Non
1466 2755 1565 2838 igitur
1583 2756 1747 2838 prohiberi
1763 2780 1782 2822 a
1797 2781 1878 2841 quo-

484 2891 584 2954 quam
607 2877 728 2953 potest.
773 2869 902 2933 Littora
924 2868 1004 2931 item
1026 2885 1047 2930 a
1069 2875 1186 2930 natura
1208 2866 1360 2929 omnibus
1383 2877 1524 2932 uacant:
1555 2868 1634 2932 item
1657 2869 1766 2950 ripae:
1797 2871 1877 2933 item

485 2983 629 3062 llurnina,
643 2982 707 3047 hoc
722 2992 780 3059 est,
796 2999 902 3062 aquae
917 2978 1066 3042 fluentes.

667 3159 769 3232 ‘Quid
789 3157 947 3236 prohibetis
967 3157 1077 3234 aquas?
1106 3174 1177 3215 usus
1199 3156 1363 3215 communis
1385 3175 1523 3235 aquarum
1545 3167 1597 3217 est.

669 3266 752 3325 ‘Nec
773 3265 865 3324 solem
885 3263 1035 3341 proprium
1056 3271 1168 3333 natura,
1189 3280 1244 3321 nec
1264 3280 1331 3320 aera
1351 3261 1428 3335 fecit,

669 3372 753 3431 ‘Nec
774 3381 876 3430 tenues
896 3369 1006 3428 undas:
1033 3367 1072 3427 ad
1092 3367 1208 3445 publica
1228 3385 1350 3427 munera
1370 3369 1436 3427 veni
1448 3367 1468 3427 ι’

483 3555 590 3639 inquit
620 3555 751 3619 Latona
778 3550 904 3618 rusticis
931 3550 1053 3635 Lyciis,
1077 3551 1135 3634 qui
1161 3551 1203 3615 de
1230 3550 1321 3615 sonte
1346 3551 1458 3615 bibere
1483 3571 1557 3615 eam
1583 3552 1741 3618 uetabant
1751 3552 1785 3618 ¹⁰.
1830 3553 1875 3618 Et

485 3668 631 3732 Ilioneus
647 3665 772 3731 Didoni
787 3675 901 3730 contra
917 3664 986 3728 eius
1002 3665 1099 3740 ciues,

627 3841 737 3915 ‘Quod
757 3860 850 3918 genus
870 3840 928 3902 hoc
949 3841 1129 3902 hominumi·
1150 3860 1262 3920 quaeue
1283 3839 1361 3901 hunc
1383 3851 1442 3901 tam
1463 3841 1585 3901 barbara
1607 3859 1721 3901 morem

627 3947 786 4006 ‘Permittit
806 3947 918 4024 patriai
946 3946 1073 4025 hospitio
1095 3947 1283 4025 prohibemur
1304 3966 1409 4006 arenae
1420 3945 1460 4006 ¹¹!

517 4241 526 4270 ¹
543 4242 614 4291 Caes.
626 4257 650 4304 4.
663 4240 730 4290 Gall.
743 4254 782 4290 ao.
912 4237 923 4267 ¹
938 4239 956 4289 l.
967 4254 992 4303 4.
1004 4239 1033 4288 C.
1045 4237 1077 4288 de
1087 4253 1205 4288 commer.
1218 4240 1253 4302 (4.
1267 4236 1320 4302 63).
1457 4242 1467 4270 ⁸
1482 4239 1500 4290 l.
1514 4255 1536 4292 r.
1547 4242 1579 4291 de
1590 4257 1645 4291 con.
1656 4249 1715 4292 emt.
1729 4243 1774 4305 (D.
1789 4243 1826 4291 1⁸.
1841 4244 1881 4304 1):

485 4325 562 4375 Arist.
574 4337 597 4388 5.
609 4324 667 4374 Eth.
677 4323 704 4381 83
723 4337 746 4388 3.
755 4323 815 4372 lust.
827 4336 853 4385 3;
869 4321 938 4372 Seru.
948 4335 970 4384 3.
981 4320 1056 4371 Geor.
1089 4321 1125 4370 ⁴1.
1137 4335 1158 4370 a.
1167 4322 1197 4371 C.
1206 4321 1262 4371 eod.
1295 4319 1370 4370 ‘Cic
1378 4322 1436 4372 Vat.
1446 4335 1470 4385 5.
1479 4324 1521 4373 ubi
1531 4325 1597 4381 Ma.;
1614 4324 1681 4390 Scip.
1692 4325 1765 4375 Gent.
1777 4339 1788 4372 a
1799 4325 1882 4374 Pater.

615 4405 625 4435 ⁸
641 4406 691 4471 Sig.
703 4404 748 4454 ult
759 4405 791 4454 de
802 4404 846 4454 Re.
859 4405 905 4454 lta.
1289 4401 1300 4430 ¹
1316 4402 1390 4454 Treb.
1404 4405 1473 4454 Vale.
1485 4405 1515 4462 6;
1532 4407 1560 4456 P.
1570 4405 1643 4456 Diae.
1654 4406 1698 4456 lib.
1712 4407 1751 4456 16.

675 4487 757 4552 ⁸c.9.
769 4486 826 4535 dist.
838 4499 878 4551 90.
976 4483 1019 4534 ’1.
1033 4498 1055 4532 a.
1067 4497 1090 4547 5.
1102 4482 1177 4534 dedi.
1189 4499 1222 4534 re.
1235 4483 1313 4549 (121.
1326 4484 1453 4548 8);l13.
1466 4501 1503 4536 co.
1515 4503 1552 4552 pr.
1566 4487 1611 4550 (D.
1623 4488 1689 4552 r.4).

646 4567 666 4598 ¹⁰
681 4569 739 4619 Oui.
750 4568 773 4619 6.
786 4566 888 4618 Metam.
899 4565 916 4615 l.
929 4567 993 4631 3483
1009 4565 1104 4616 Vacon.
1117 4565 1190 4617 Deci.
1205 4579 1243 4616 rr.
1403 4565 1420 4596 ²¹
1437 4568 1507 4633 Virg.
1522 4583 1542 4619 1.
1556 4570 1619 4619 Aen.
1631 4569 1647 4618 l.
1660 4583 1716 4633 540.
