4456 5566
715 718 776 771 DE
804 718 907 772 IURE
936 717 1069 784 BELLA
1102 717 1227 786 LIB.I,
1260 717 1346 772 [ΑΡ.
1370 720 1394 773 Ι.
1734 731 1751 792 7

841 870 869 875 --
883 870 1022 876 -..-.-..
1273 872 1304 876 --
1602 871 1752 888 —.„,.

354 973 528 1048 propterea
551 963 716 1044 improbat
738 982 881 1044 quoque.
927 960 996 1026 Sed
1011 962 1101 1044 quod
1122 961 1307 1026 successiue
1324 962 1455 1044 placere
1476 963 1631 1028 omnibus
1647 965 1754 1028 uisum

355 1085 413 1156 est,
437 1077 471 1140 id
501 1074 603 1140 totius
632 1075 720 1138 orbis
745 1075 922 1152 decretum,
945 1083 979 1138 et
1001 1073 1176 1138 concilium
1200 1073 1301 1138 luisse
1328 1075 1546 1139 existimetur.
1584 1085 1621 1141 ut
1649 1077 1695 1141 ita
1722 1077 1754 1139 in

355 1189 524 1272 proposito
548 1208 607 1251 suo
630 1186 828 1252 Ambrosius
845 1187 1036 1268 aliquand0,
1053 1197 1086 1251 et
1106 1186 1332 1269 Hieronymus
1354 1189 1537 1252 docuerunt
1547 1185 1568 1253 ¹.
1615 1188 1660 1252 Et
1676 1209 1754 1253 uero

356 1301 405 1364 ius
427 1321 493 1364 non
517 1300 683 1382 scriptum,
699 1310 736 1363 ut
751 1298 814 1363 hoc
831 1308 889 1378 est,
905 1300 985 1364 item
1000 1308 1037 1363 ut
1053 1298 1266 1378 consuetudo,
1282 1299 1377 1363 aliter
1393 1319 1458 1364 non
1474 1300 1645 1366 inducitur.
1692 1301 1756 1364 Ist-

355 1411 436 1477 haec
466 1421 579 1477 autem
609 1410 806 1494 adprobatio
833 1430 893 1475 nec
918 1412 1072 1494 cognosci
1100 1431 1164 1476 non
1189 1420 1318 1495 potest:
1352 1407 1637 1494 quemadmodum
1664 1414 1756 1496 quod

355 1523 502 1588 omnium
518 1524 676 1606 gentium,
687 1542 912 1606 generumque
922 1523 1110 1588 hominibus
1125 1524 1299 1602 uideretur,
1312 1524 1422 1586 Deum
1435 1521 1535 1587 esse2.
1575 1524 1756 1588 Potuerunt

357 1638 458 1702 nostri
481 1635 707 1702 Iurisconsulti
731 1635 773 1698 de
795 1635 948 1700 omnibus
968 1636 1122 1718 gentibus
1145 1637 1271 1701 dicere:
1303 1657 1378 1700 cum
1398 1636 1634 1714 Romanorum,
1649 1635 1756 1701 Alex-

356 1751 458 1824 andri,
486 1759 519 1815 et
546 1749 744 1815 Parthorum
771 1749 908 1830 imperia
934 1750 1091 1830 detegere
1117 1749 1160 1813 de
1186 1749 1237 1813 his
1263 1749 1439 1832 potuerint,
1470 1758 1503 1812 et
1533 1749 1722 1815 detexerint
1734 1749 1756 1814 ³.
1837 1829 1843 1842 Ι

357 1864 477 1929 Scribit
504 1862 707 1937 Herodotus,
731 1861 898 1943 incognita
927 1862 1038 1924 omnia
1066 1862 1098 1924 in
1124 1860 1393 1944 Septentrionem
1424 1862 1509 1925 ultra
1533 1862 1723 1926 Danubium
1734 1861 1757 1926 ⁴.

357 1975 425 2042 Sed
448 1995 515 2040 non
534 1976 580 2040 ita
599 1985 675 2058 post
696 1973 906 2038 Herodotum
922 1973 992 2038 luit.
1039 1973 1127 2037 Nam
1147 1985 1180 2038 et
1197 1974 1337 2053 Renum,
1354 1983 1387 2038 et
1404 1974 1596 2038 Danubium
1612 1974 1757 2039 Romani

356 2089 513 2172 pontibus
549 2087 712 2168 impositis
745 2086 921 2149 transiere:
960 2104 1025 2148 non
1061 2085 1161 2148 modo
1190 2084 1405 2168 Euphratem,
1437 2095 1470 2150 et
1504 2085 1642 2170 Tigrim.
1673 2087 1758 2151 inter

357 2201 499 2278 Renum,
524 2198 706 2282 Albimque
732 2198 843 2262 omnia
869 2199 953 2262 duce
980 2195 1178 2262 Germanico
1205 2196 1420 2262 debellarunt.
1451 2198 1537 2262 ultra
1564 2198 1756 2262 Danubium

355 2313 540 2395 prouincias
563 2332 702 2394 magnas
723 2310 868 2374 Traiano
892 2310 1090 2392 imperatore
1112 2308 1331 2374 confecerunt.
1363 2319 1396 2374 et
1418 2311 1450 2374 in
1469 2309 1655 2376 Asiaticam
1675 2309 1758 2393 Sep·

355 2425 526 2489 tentrionis
543 2423 678 2506 plagam
698 2422 803 2486 multo
821 2422 951 2503 longius
969 2421 1105 2503 Pompei
1121 2421 1273 2504 auspiciis
1288 2430 1555 2504 penetrauerunt.
1602 2422 1758 2506 Mesopo-

355 2538 465 2614 tamia,
482 2546 516 2602 et
531 2544 649 2601 cuncta
664 2536 750 2600 intra
765 2534 906 2612 Phasim,
922 2541 1023 2615 atque
1040 2531 1248 2615 Euphratem
1263 2533 1352 2598 sacta
1372 2534 1433 2598 sub
1451 2533 1605 2599 Romano
1624 2535 1758 2618 populo.

357 2648 428 2713 Sub
441 2647 639 2713 Alexandro
655 2655 851 2730 peruentum
866 2645 909 2709 ad
926 2644 1059 2708 ultimos
1076 2645 1192 2709 Indiae
1208 2646 1319 2710 fines⁶.
1349 2646 1394 2711 Et
1409 2647 1453 2710 ab
1470 2648 1562 2712 Indis
1577 2647 1760 2730 legationes

358 2783 476 2826 uenere
496 2761 640 2825 Romam
652 2759 672 2823 ⁶.
713 2759 893 2842 Septimius
912 2757 1051 2822 Flaccus
1069 2779 1144 2822 cum
1162 2757 1427 2839 Garamantibus,
1443 2779 1519 2824 curn
1534 2759 1760 2844 Aethiopibus

355 2874 435 2938 luit:
460 2875 540 2937 item
563 2881 597 2936 et
613 2870 716 2936 Iulius
732 2871 913 2934 Maternus.
960 2869 1006 2932 Et
1022 2868 1261 2934 Garamantum
1285 2869 1385 2953 legati
1406 2891 1473 2935 non
1496 2872 1598 2936 semel
1616 2873 1649 2935 in
1667 2872 1760 2937 Urbe

357 2989 418 3053 uisi
433 2988 563 3052 luerunt
572 2985 595 3050 ⁷.
641 2984 781 3066 Subegit
800 3004 857 3048 eos
872 2983 996 3048 Balbus
1013 2981 1197 3047 Cornelius,
1230 2994 1264 3049 et
1283 2984 1369 3048 ultra
1384 2983 1561 3050 Atlantem
1581 2984 1759 3050 Suetonius

358 3099 512 3165 Paulinus
535 3098 611 3163 tulit
633 3117 725 3162 arma
748 3097 901 3160 Romana
911 3094 934 3158 ⁸.
981 3094 1119 3160 Subacti
1143 3095 1341 3175 Nabathaei,
1359 3097 1480 3162 intrata
1501 3096 1630 3162 Arabia
1652 3097 1760 3177 Felix,

357 3223 391 3278 et
405 3211 603 3294 cognomina
618 3209 706 3273 illinc
724 3208 982 3290 Imperatoribus
994 3207 1184 3290 reportata⁹.
1225 3207 1292 3272 Sed
1308 3209 1351 3272 ad
1368 3208 1586 3274 Occidentem
1602 3209 1759 3292 quicquid

359 3333 437 3404 erat,
458 3323 539 3388 illud
562 3324 735 3387 Romanae
757 3321 927 3404 potentiae
949 3320 1086 3403 patebat
1108 3329 1226 3385 toturn.
1273 3320 1418 3385 Istorum
1440 3321 1540 3403 igitur
1562 3312 1758 3404 populorum

357 3436 506 3501 omnium
522 3436 578 3518 qui
594 3455 702 3498 mores
716 3433 845 3510 luerint,
861 3453 947 3515 quae
962 3432 1121 3511 instituta,
1138 3431 1340 3514 incognitum
1357 3451 1429 3496 esse
1445 3451 1511 3496 non
1526 3435 1645 3514 potuit.
1691 3431 1759 3497 Sed

358 3570 417 3614 nec
437 3549 575 3614 aliorum
599 3546 741 3630 plurium
764 3546 878 3628 ignota
901 3564 973 3607 esse
995 3543 1148 3609 instituta
1171 3553 1367 3626 potuerunt:
1398 3545 1442 3608 de
1463 3543 1581 3627 quibus
1602 3543 1758 3608 Historici

359 3661 572 3738 tradiderunt,
596 3659 795 3733 Herodotus,
820 3656 957 3734 Ctesias
981 3655 1112 3734 Strabo,
1135 3655 1311 3731 Diodorus,
1332 3655 1474 3734 Solinus,
1498 3656 1598 3735 Mela,
1613 3655 1760 3734 Tacitus,

360 3773 492 3851 Plinius,
517 3772 592 3837 alii:
625 3780 659 3835 et
682 3771 726 3835 ad
756 3789 839 3854 quos
867 3789 927 3852 per
951 3767 1148 3833 commercia
1177 3767 1308 3851 saepius
1339 3768 1421 3833 itum
1452 3777 1512 3834 est.
1558 3769 1761 3834 Mercatores

359 3888 443 3953 circa
465 3907 525 3952 sua
542 3887 694 3968 occupati
717 3884 921 3960 commercia,
938 3882 1143 3966 negligentes
1165 3891 1243 3946 sunt
1265 3882 1311 3946 illi
1329 3883 1464 3967 quidem
1485 3883 1642 3963 ueritatis,
1659 3894 1692 3949 et
1715 3905 1760 3949 ex

358 4001 446 4066 inani
457 3999 641 4064 ambitione
651 3999 761 4064 dicere
776 3997 880 4062 multa
895 3995 1011 4071 solent,
1024 4005 1060 4060 ut
1076 3996 1123 4060 ait
1140 3995 1389 4063 Ptolomaeus¹⁰.
1420 3996 1488 4062 Sed
1504 4006 1539 4061 et
1553 4017 1632 4061 uera
1646 3997 1761 4063 habita

358 4112 402 4176 ab
425 4113 505 4196 ipsis
530 4121 607 4177 sunt
633 4111 745 4176 multa
783 4119 818 4175 et
844 4109 926 4174 haec
950 4109 1100 4192 gentium
1127 4108 1204 4173 iuris
1231 4129 1298 4174 non
1324 4130 1404 4176 sane
1434 4109 1649 4192 neglexerint,
1676 4131 1761 4193 quae

358 4223 457 4289 ualde
474 4225 517 4290 ad
541 4226 630 4308 ipsos
652 4222 882 4307 spectauerint,
898 4230 932 4285 et
954 4221 998 4285 ad
1021 4221 1218 4286 commercia
1240 4221 1396 4305 ipsorum.
1431 4221 1517 4288 Sunt
1538 4223 1661 4288 scilicet
1684 4222 1761 4285 iuris

392 4423 450 4472 Ἀ.
463 4423 494 4472 ad
506 4422 610 4489 Eph.4;
629 4422 665 4471 H.
677 4423 728 4472 Tit.
744 4436 765 4470 1.
836 4420 1228 4482 ²Cic.1.Deuat.Deo.c.17.
1304 4419 1727 4485 ⁸11Stra.c.7;3Polyb.c.58.

360 4504 369 4534 ⁴
386 4505 482 4556 Herod.
494 4505 538 4555 lib.
551 4518 574 4568 5.
586 4521 608 4555 c.
619 4520 643 4570 9.
737 4503 747 4533 ⁵
764 4505 846 4555 Arria.
857 4503 901 4554 lib.
911 4518 939 4568 53
958 4505 1019 4554 Tac.
1034 4517 1073 4553 ra.
1084 4518 1125 4552 an.
1141 4516 1178 4566 ¹3·
1264 4501 1275 4532 ⁰
1290 4503 1357 4554 Suet.
1370 4505 1434 4568 Aug.
1449 4517 1491 4561 τις
1508 4503 1583 4553 Oros.
1594 4501 1639 4552 lib.
1651 4501 1674 4552 6.
1686 4517 1708 4553 c.
1722 4515 1760 4550 21.

456 4585 929 4654 'Ptol.r.geog.8;'rac4.un.26.
1094 4585 1232 4636 'Solimo
1245 4585 1479 4650 37.42;Plin.lib.
1492 4599 1514 4649 5.
1527 4589 1557 4646 §5
1573 4600 1610 4648 14,
1623 4585 1662 4647 36.

533 4661 536 4668 ’
586 4671 680 4736 'App
693 4669 787 4736 prael,
803 4669 852 4720 Str.
864 4667 909 4718 lib.
922 4668 966 4718 ult.
979 4684 999 4719 c.
1012 4684 1035 4732 4.
1258 4667 1276 4698 ¹⁰
1293 4668 1359 4718 Ptol.
1374 4682 1479 4733 hgeog.
1494 4682 1531 4717 11.
