4456 5566
1514 642 1757 655 ...nau-

716 755 777 809 DE
806 755 909 810 lflRE
937 753 1071 820 BELLI,
1103 753 1229 818 LIB.I,
1263 752 1349 807 CAP.
1374 752 1399 807 I.
1738 760 1756 824 3

360 999 598 1084 exemplorum,
619 1003 699 1065 item
723 1009 756 1064 et
774 1006 909 1081 propter
930 996 1153 1061 infirmitatem
1178 997 1247 1060 eius
1267 998 1460 1082 argumenti,
1476 1015 1561 1078 quae
1581 993 1759 1077 plurimum

358 1113 402 1176 ab
425 1112 581 1196 exemplo
607 1133 679 1177 esse
702 1112 841 1189 uidetur,
866 1131 932 1174 non
959 1111 1009 1174 ius
1034 1109 1122 1174 aliud
1146 1109 1249 1188 facile,
1272 1131 1338 1176 nou
1361 1111 1542 1174 constitues
1566 1107 1633 1171 ullo
1660 1107 1760 1170 modo

360 1224 456 1299 istud,
478 1226 568 1308 quod
593 1224 749 1303 naturale,
767 1244 806 1288 ac
830 1231 956 1288 certum
978 1232 1136 1287 censetur.
1182 1222 1359 1306 Exempla,
1376 1230 1410 1286 et
1428 1221 1516 1286 facta
1539 1220 1760 1302 expendenda

360 1345 436 1401 sunt
451 1358 511 1401 sua
527 1337 628 1412 lance,
646 1346 679 1401 et
694 1337 788 1419 quasi
803 1336 949 1418 pondera
964 1344 1041 1399 sunt
1057 1355 1115 1398 sua
1131 1335 1254 1398 trutina
1270 1309 1482 1402 conficienda.

406 1449 547 1513 Ueteres
569 1459 719 1514 auctores
737 1448 848 1531 legum
872 1445 1019 1511 fortassis
1040 1446 1103 1511 hoc
1126 1446 1296 1522 bellorum,
1316 1456 1350 1512 et
1372 1447 1571 1512 eiuscemodi
1595 1444 1660 1508 alia
1681 1462 1760 1526 gen·

360 1562 442 1624 tium
460 1561 491 1624 in
505 1561 604 1625 libros
619 1581 696 1626 suos
712 1559 907 1624 retulerunt:
933 1567 969 1623 ut
986 1556 1122 1634 Mutius,
1140 1558 1350 1642 Pomponius,
1365 1559 1422 1624 alii
1438 1559 1589 1642 quidam:
1613 1575 1762 1638 quorum,

361 1692 444 1754 quae
460 1683 642 1756 supersunt,
658 1672 844 1756 fragmenta
866 1671 1038 1754 quaedam,
1063 1671 1161 1736 huius
1184 1672 1280 1735 nobis
1303 1672 1510 1738 coniecturae
1528 1677 1760 1754 argumentum

362 1806 427 1851 non
451 1785 652 1850 leuissimum
675 1786 845 1868 praebent.
884 1783 937 1848 Illi
958 1785 990 1847 in
1014 1804 1122 1849 rerum
1143 1795 1320 1867 gestarum,
1338 1794 1371 1849 et
1391 1784 1519 1869 imperii
1542 1781 1762 1866 amplitudine

361 1908 539 1976 uersantes,
563 1907 692 1980 praeter
721 1895 938 1979 multiplicem
969 1895 1106 1959 aliarum
1136 1898 1265 1977 artium,
1296 1916 1396 1980 quarn
1423 1915 1553 1979 semper
1578 1902 1763 1970 tenuerunt,

362 2028 426 2072 non
447 2010 555 2073 solum
578 2009 690 2092 legum
713 2009 944 2092 cognitionem,
964 2007 1052 2073 clara
1069 2008 1122 2073 hic
1137 2030 1270 2092 quoque
1289 1978 1412 2073 habere
1432 2009 1544 2072 omnia
1563 2014 1762 2090 potuerunt:

363 2142 448 2204 quae
468 2141 528 2186 nos
551 2122 584 2185 in
607 2130 702 2185 tanta
720 2141 828 2184 rerum
851 2121 1021 2198 tenuitate,
1040 2131 1074 2184 et
1098 2123 1130 2183 in
1153 2131 1223 2185 tam
1247 2121 1338 2186 tenui
1361 2120 1561 2204 professione
1580 2120 1762 2183 litteranim

365 2233 545 2310 Iustiniani,
571 2233 630 2296 uix
655 2254 715 2316 per
734 2233 889 2297 nebulam
913 2233 1086 2298 intuemur.
1133 2233 1259 2315 Utique
1283 2233 1365 2307 libri,
1392 2233 1449 2315 qui
1476 2231 1605 2296 fuerant
1628 2230 1671 2294 de
1695 2230 1764 2292 iure

363 2344 477 2423 feciali,
507 2346 624 2410 bellica
653 2345 734 2410 haec
765 2345 835 2409 iura
865 2346 1027 2427 exposita,
1055 2354 1088 2409 et
1118 2346 1297 2410 constituta
1327 2344 1512 2408 habuemnt
1521 2342 1542 2407 ¹.
1597 2341 1764 2408 Uidelicet

365 2466 458 2522 erant
479 2457 611 2521 feciales
636 2457 814 2534 foederum,
836 2457 936 2538 pacis,
960 2456 1131 2536 bellorum,
1156 2457 1367 2539 legationum,
1390 2466 1424 2521 et
1447 2455 1644 2538 reliquorum
1667 2453 1764 2516 huius

365 2569 441 2631 iuris
465 2589 541 2633 curn
565 2570 688 2633 exteris
714 2578 888 2633 curatores.
942 2568 1068 2632 Uerum
1093 2567 1173 2632 nihil
1198 2589 1284 2633 nunc
1311 2569 1353 2632 ad
1381 2588 1450 2645 nos,
1478 2567 1538 2630 nisi
1565 2566 1765 2630 desiderium

365 2699 501 2764 operum
524 2698 636 2743 eorum
661 2681 818 2763 peruenit.
863 2680 913 2744 Ut
936 2680 1023 2743 enim
1044 2680 1152 2762 sperni
1172 2689 1289 2762 coepta
1309 2690 1358 2745 est
1381 2701 1456 2763 pars
1478 2681 1542 2742 ista
1562 2678 1639 2742 iuris
1662 2696 1766 2758 usque

364 2813 384 2855 a
408 2792 472 2856 fine
498 2791 696 2875 reipublicae
721 2792 904 2868 Romanae,
929 2792 962 2857 id
989 2801 1047 2869 est,
1073 2813 1093 2855 a
1122 2802 1271 2876 tempore
1300 2813 1367 2875 quo
1398 2790 1543 2855 Romani
1573 2809 1624 2854 res
1652 2807 1766 2870 gerere

365 2923 440 2967 cum
467 2904 593 2967 ratione
620 2903 795 2980 desiemnt,
817 2923 877 2986 pro
900 2901 1037 2967 libidine
1060 2924 1158 2987 agere
1180 2905 1292 2968 omnia
1313 2905 1535 2987 incoeperunt,
1558 2903 1604 2966 ita
1628 2901 1767 2983 librique

366 3015 443 3078 iuris
457 3014 580 3079 fecialis
596 3015 757 3092 interiere,
772 3025 807 3079 et
823 3017 1009 3094 memoriae,
1027 3025 1060 3081 et
1076 3017 1228 3081 doctores
1243 3037 1314 3081 esse
1330 3018 1455 3081 desiere
1464 3015 1485 3081 ².
1679 3006 1688 3023 ⁸

408 3128 494 3192 Abit
510 3129 598 3209 quod
616 3147 683 3190 non
705 3135 857 3192 tenetur:
881 3137 915 3191 et
933 3147 998 3192 non
1018 3137 1158 3205 tenetur,
1174 3131 1263 3212 quod
1286 3130 1319 3192 in
1342 3129 1448 3212 pretio
1471 3148 1536 3191 non
1560 3135 1620 3191 est.
1666 3125 1767 3188 Latet

366 3241 478 3323 itaque
503 3240 553 3304 ius
574 3240 673 3304 istud.
722 3238 790 3303 Sed
813 3249 847 3304 et
869 3240 896 3302 si
919 3241 962 3304 sit
988 3242 1131 3320 omnino,
1154 3243 1361 3307 reuocabitur
1382 3243 1415 3304 in
1442 3239 1697 3305 controuersiam
1722 3234 1767 3300 ab

364 3352 445 3430 aliis,
461 3353 527 3436 qui,
544 3353 594 3417 ius
613 3372 679 3416 non
701 3362 828 3429 natura,
844 3353 903 3416 sed
919 3354 1074 3436 opinione
1096 3365 1246 3418 constare
1268 3375 1377 3432 omne,
1397 3355 1608 3438 pertinaciter
1630 3360 1767 3415 conten-

366 3467 458 3540 dunt,
475 3476 575 3550 atque
586 3465 670 3530 adeo
685 3466 888 3530 contendent
903 3466 1060 3529 aduersus
1076 3486 1144 3544 nos,
1157 3468 1276 3549 quibus
1291 3468 1353 3532 hoc
1369 3469 1524 3551 positum,
1536 3477 1570 3532 et
1585 3467 1690 3530 fixum
1707 3477 1767 3544 est,

367 3579 575 3661 quaestiones
590 3578 724 3643 bellicas
743 3578 811 3642 iure
829 3577 965 3642 definire
986 3579 1135 3660 gentium
1153 3589 1313 3662 oportere,
1329 3580 1417 3662 quod
1437 3588 1487 3644 est
1502 3587 1648 3643 naturae.
1694 3577 1768 3642 Hos

366 3698 478 3754 tamen
506 3691 603 3760 mitto
626 3701 763 3754 naturae
784 3689 907 3769 hostes,
929 3711 1013 3772 quos
1037 3690 1207 3755 meliorum
1231 3690 1503 3775 Philosophorum
1527 3690 1768 3774 disputationes

368 3803 548 3867 refutanrnt
563 3813 641 3867 ante
659 3803 720 3868 hac
730 3801 758 3867 ³:
784 3811 818 3867 et
833 3801 940 3868 habeo
959 3823 1019 3886 pro
1035 3803 1218 3886 explorato,
1233 3804 1283 3867 ius
1303 3804 1438 3887 aliquod
1454 3812 1590 3868 naturae
1605 3824 1685 3881 esse,
1701 3823 1768 3886 quo

368 3924 400 3979 et
415 3923 647 3998 argumentum
663 3914 725 3980 hoc
741 3923 899 3979 tractetur
914 3915 1077 3978 bellicum.
1124 3914 1302 3980 Caeterum
1322 3925 1435 3980 manet
1455 3915 1661 3999 impeditum,
1678 3915 1768 3998 quod

367 4027 562 4109 quaerimus,
578 4028 667 4110 quod
691 4047 767 4090 nam
791 4028 877 4091 istud
901 4027 963 4106 sit;
984 4036 1042 4091 aut
1060 4029 1227 4110 quomodo
1249 4029 1478 4112 approbemus,
1501 4029 1589 4092 istud
1612 4047 1692 4105 esse,
1711 4035 1769 4091 aut

367 4138 457 4204 illud.
502 4139 580 4203 Non
603 4137 711 4202 solum
734 4138 858 4203 scilicet
889 4140 1074 4204 docendum
1097 4160 1172 4205 curn
1189 4140 1335 4219 Platone,
1351 4141 1410 4205 sed
1429 4149 1564 4224 propter
1582 4147 1769 4205 controuer-

368 4252 432 4314 sias
463 4251 681 4316 euincendum
712 4270 787 4314 curn
810 4249 993 4315 Aristotele
1019 4271 1151 4334 quoque
1177 4260 1235 4316 est.
1279 4251 1396 4335 Atque
1421 4253 1448 4316 si
1472 4252 1558 4316 adeo
1585 4251 1676 4328 latet,
1703 4270 1767 4314 non

369 4363 476 4444 ipsum
497 4373 630 4427 cernent
651 4362 807 4426 hebetes:
839 4362 981 4444 improbi
1002 4364 1170 4446 negabunt
1191 4373 1286 4429 tanto
1304 4365 1440 4442 facilius,
1458 4363 1575 4428 armati
1593 4363 1706 4427 hostes
1729 4381 1768 4426 eo

498 4599 506 4629 ¹
526 4597 579 4648 Cic.
594 4609 615 4646 1.
627 4596 667 4646 De
680 4595 729 4647 Off.
741 4613 763 4647 c.
777 4611 815 4646 11.
1143 4598 1154 4628 ¹
1170 4599 1241 4649 Varr.
1256 4611 1279 4661 5.
1290 4597 1331 4647 De
1342 4597 1402 4662 ling.
1413 4597 1456 4647 lat.
1469 4597 1501 4647 86
1514 4595 1638 4660 (Miiller).

392 4672 395 4678 ’
553 4680 563 4710 ³
580 4679 633 4729 Pla.
646 4678 700 4729 Pol·
711 4685 736 4728 et
751 4693 789 4730 ro.
800 4679 831 4730 de
842 4680 905 4744 leg.;
926 4680 1005 4732 Cioer.
1021 4695 1042 4732 1.
1054 4681 1094 4731 De
1106 4682 1154 4746 leg.
1166 4696 1202 4732 cc.
1216 4691 1303 4745 10-17,
1316 4689 1341 4730 et
1354 4696 1376 4731 a.
1388 4680 1428 4730 De
1439 4679 1488 4730 inu.
1502 4696 1522 4730 c.
1538 4694 1577 4744 53.

1041 4883 1095 4932 Ba
