4456 5566
694 702 755 757 DE
783 699 887 756 IURE
915 703 1048 770 BELLI,
1078 702 1204 770 LIB.I‚
1237 701 1326 756 CAP.
1348 700 1406 756 III.
1707 701 1744 772 17

349 937 506 1005 librorum
533 935 713 1022 Iustiniani,
738 935 889 1008 Honeste
915 945 1035 1024 uiuere,
1057 944 1211 1009 Alterum
1239 967 1304 1010 non
1332 945 1471 1026 laedere,
1495 946 1601 1012 Suum
1628 948 1746 1030 cuique

349 1051 498 1131 tribuere,
510 1052 648 1118 Liberos
663 1055 756 1133 tueri,
770 1055 926 1118 Iniuriam
943 1056 1142 1138 propulsare,
1153 1057 1238 1121 Cum
1253 1057 1407 1121 omnibus
1422 1057 1610 1123 hominibus
1625 1078 1746 1141 cogna-

349 1163 473 1228 tionem
497 1185 682 1248 agnoscere,
708 1165 915 1231 Commercia
943 1168 1089 1245 retinere,
1113 1168 1145 1231 id
1170 1187 1275 1251 genus
1300 1169 1432 1252 reliqua,
1458 1180 1491 1233 et
1514 1191 1601 1253 quae
1625 1191 1668 1234 ex
1695 1170 1745 1234 his

349 1282 435 1346 sunt,
452 1295 603 1358 quaeque
626 1277 658 1340 in
677 1276 740 1340 illis
763 1286 838 1340 sunt
857 1276 948 1341 libris
969 1277 1037 1342 fere
1058 1277 1210 1341 totum¹?
1256 1278 1386 1343 Isthaec
1402 1281 1479 1344 iuris
1493 1282 1641 1364 gentium
1658 1292 1744 1357 sunt,

349 1393 383 1446 et
406 1384 484 1448 iuris
507 1385 624 1451 bellici.
670 1385 758 1470 Quid
786 1387 887 1465 aiunt,
910 1409 930 1451 a
957 1388 1138 1451 Iustiniano
1161 1389 1329 1453 inuentum
1353 1391 1403 1454 ius
1428 1392 1745 1474 repraesentationis,

348 1503 382 1557 et
405 1494 596 1559 nouellum?
640 1495 717 1579 Quo
740 1497 838 1580 igitur
859 1499 1099 1563 contenderunt
1125 1499 1201 1578 iure,
1224 1501 1280 1582 qui
1302 1520 1375 1579 au0,
1398 1512 1534 1584 nepotes
1556 1523 1599 1565 ex
1623 1503 1745 1584 primo·

348 1605 469 1687 genito,
486 1617 519 1670 et
539 1609 782 1690 praedefuncta
798 1611 972 1674 succedere
992 1619 1069 1674 ante
1091 1620 1228 1692 patruos
1249 1611 1387 1693 saepius,
1402 1632 1525 1695 perque
1545 1613 1743 1677 sententiam

349 1716 570 1797 probatiorem
585 1717 764 1783 uolebant?
808 1720 848 1783 In
865 1719 950 1783 linea
966 1730 1149 1785 transuersa
1165 1722 1275 1785 dicent
1292 1722 1457 1786 nouellum
1476 1723 1525 1787 ius
1536 1721 1557 1785 ².
1602 1724 1674 1788 Nec
1693 1731 1744 1787 est

349 1837 523 1909 propterea
554 1829 683 1893 nouella
713 1831 871 1913 aequitas,
896 1841 954 1896 aut
982 1833 1132 1914 aequitas
1161 1832 1318 1897 naturalis
1345 1853 1410 1898 non
1438 1842 1496 1914 est,
1521 1843 1559 1898 ut
1585 1835 1618 1898 in
1645 1845 1743 1900 recta.

350 1937 482 2002 Etenim
513 1937 620 2005 edicta
646 1941 837 2006 Praetorum
868 1941 998 2005 nouella
1028 1953 1113 2021 sunt,
1140 1951 1173 2006 et
1199 1953 1360 2022 naturam,
1387 1954 1421 2009 et
1446 1927 1648 2027 aequitatem
1675 1945 1744 2009 eius

348 2060 527 2132 sequuntur
541 2071 639 2135 supra
654 2053 744 2136 leges
759 2063 886 2117 ueteres
902 2053 1016 2135 magis.
1063 2053 1171 2136 Leges
1188 2054 1388 2119 Iustinianus
1403 2076 1478 2119 suas
1493 2066 1526 2120 et
1542 2057 1743 2138 simplicitati

347 2163 475 2243 aptauit
498 2164 547 2244 (ut
570 2163 742 2245 profitetur
763 2167 873 2246 saepe)
898 2174 1053 2228 naturae:
1083 2174 1116 2228 et
1139 2175 1267 2228 ueteres
1292 2167 1334 2229 ad
1358 2167 1497 2230 eandem
1521 2176 1672 2231 naturam
1695 2189 1744 2232 re·

347 2274 451 2337 traxit
473 2275 595 2340 deuias.
642 2275 732 2359 Ergo
754 2285 788 2340 et
811 2285 1076 2354 consentaneum,
1102 2296 1175 2340 cum
1197 2276 1332 2340 aliarum
1356 2277 1503 2340 omnium
1523 2277 1743 2343 hereditatum

348 2394 381 2448 et
401 2386 643 2450 successionum
661 2385 724 2451 hoc
746 2387 796 2450 ius
817 2388 868 2465 sit,
884 2386 971 2450 idem
988 2407 1120 2469 quoque
1140 2386 1173 2449 in
1189 2407 1362 2470 regnorum
1379 2387 1617 2454 hereditatibus
1635 2390 1743 2454 obser·

347 2497 425 2560 uari.
455 2507 491 2561 ut
511 2497 558 2562 ita
578 2499 798 2572 Hotomanus,
820 2499 1035 2581 peritissimus
1056 2499 1290 2582 antiquitatum
1318 2520 1417 2582 supra
1442 2499 1643 2583 Philippicos
1669 2501 1743 2565 illos

346 2627 470 2688 omnes,
484 2609 518 2672 in
541 2609 605 2673 alia
627 2611 818 2692 quaestione
840 2618 1095 2689 argumentatur,
1110 2618 1143 2672 et
1163 2609 1328 2674 concludit
1338 2610 1359 2673 ³.
1406 2609 1651 2690 Commentitia‚
1667 2612 1743 2675 sub-

347 2719 416 2784 tilia
433 2720 605 2784 Iustiniani
627 2742 691 2784 non
714 2721 889 2804 sequimur,
905 2740 965 2784 nec
983 2720 1009 2783 si
1024 2719 1208 2802 appelletur
1221 2719 1271 2783 ius
1287 2720 1382 2817 ciuile
1391 2719 1413 2786 ⁴.
1458 2723 1503 2786 Et
1519 2722 1743 2788 Iurisconsulti

348 2841 458 2895 tamen
481 2833 535 2914 (ne
558 2829 754 2919 nesciamus)
773 2853 833 2914 per
853 2831 935 2896 haec
958 2842 1076 2895 norunt
1099 2832 1310 2914 aequitatem,
1326 2853 1410 2915 quae
1432 2844 1615 2915 quaeratur,
1635 2835 1743 2900 adhuc

349 2940 483 3006 melius:
507 2945 587 3006 dum
609 2952 728 3006 norunt
744 2953 919 3025 utrumque
938 2943 1167 3006 contrarium⁶.
1198 2953 1235 3006 ut
1254 2944 1299 3007 ita
1316 2943 1350 3008 P.
1368 2943 1551 3008 Castrensis
1568 2947 1614 3009 ait
1631 2955 1743 3009 contra

348 3063 564 3119 mercatores:
586 3055 643 3138 qui
659 3055 891 3138 magistrosse
914 3055 1024 3137 inepte
1047 3055 1170 3118 faciunt
1185 3056 1370 3138 aequitatis.
1416 3055 1582 3121 Uidelicet
1603 3059 1653 3120 ius
1668 3078 1742 3140 pro-

348 3164 489 3242 fitentur,
513 3167 615 3230 etiam
642 3176 674 3230 et
689 3165 826 3249 professi
851 3174 935 3243 sunt,
960 3165 1016 3249 qui
1041 3167 1217 3232 nesciunt⁶.
1261 3166 1312 3231 At
1336 3169 1495 3231 contraria
1516 3167 1642 3251 absque
1666 3188 1742 3232 con-

347 3278 452 3340 trariis
466 3297 532 3341 non
548 3276 806 3360 intelliguntur⁷.
852 3276 940 3341 Illud
964 3277 1103 3359 probum
1121 3285 1203 3354 erat,
1222 3286 1256 3340 et
1279 3286 1448 3340 ostensum
1471 3277 1539 3340 iure
1561 3277 1742 3355 Iustiniani,

346 3389 434 3470 quod
451 3387 551 3452 iidem
566 3387 721 3452 dicebant
737 3386 909 3470 Philippici
919 3385 941 3465 ⁸,
960 3397 994 3450 et
1009 3388 1098 3468 quod
1119 3387 1162 3450 ad
1181 3395 1387 3468 praesentem
1410 3386 1583 3451 articulum
1606 3397 1742 3470 spectat,

346 3518 411 3561 non
432 3519 505 3563 esse
526 3500 869 3583 compromittendum,
885 3499 974 3580 quod
991 3518 1050 3561 nec
1070 3497 1208 3560 dubium
1232 3507 1327 3562 esset.
1374 3498 1419 3561 Et
1441 3501 1637 3563 attexebant
1660 3519 1740 3564 mox

346 3618 459 3674 tamen
482 3611 638 3694 improbe,
661 3631 726 3674 non
747 3631 818 3674 esse
840 3609 975 3673 dubiam
1000 3608 1142 3690 Philippi
1164 3627 1333 3672 caussam:
1368 3629 1428 3691 pro
1450 3631 1515 3692 qua
1538 3611 1742 3675 censuissent

327 3723 498 3798 ¹doctores
523 3743 648 3788 omnes.
694 3719 843 3787 Omnes?
888 3720 965 3785 Non
992 3719 1143 3784 Cuiacius
1169 3739 1228 3801 pro
1256 3719 1435 3784 Catharina
1461 3721 1617 3786 Medice?
1662 3721 1741 3786 Non

348 3833 548 3898 Coimbriani
565 3843 678 3900 contra
695 3829 905 3916 Philippum?
928 3841 962 3894 et
982 3805 1091 3912 (mitto
1107 3831 1149 3895 de
1163 3829 1248 3912 aliis)
1265 3851 1331 3895 non
1350 3830 1406 3895 illa
1424 3832 1487 3896 tria
1508 3833 1633 3896 lumina
1653 3833 1742 3897 orbis

346 3955 460 4026 terrae,
473 3945 675 4023 Perusinum,
685 3945 901 4018 Bononiense,
915 3941 1110 4006 Patauinum
1126 3940 1264 4024 collegia
1278 3963 1338 4024 pro
1354 3942 1510 4008 Famesio
1525 3945 1742 4027 disputarunt,

346 4054 607 4140 responderunt?
651 4055 764 4138 Uulgo
779 4074 936 4136 responsa
951 4061 1112 4136 prostant.
1157 4052 1208 4117 At
1224 4071 1330 4136 neque
1345 4053 1379 4117 id
1394 4055 1581 4136 quaerimus
1599 4054 1632 4118 in
1648 4074 1742 4137 prae-

346 4169 460 4232 sentia.
513 4167 576 4231 Pro
603 4166 757 4250 Philippo
784 4165 868 4231 sorte
892 4175 951 4244 est,
976 4173 1009 4229 et
1033 4165 1148 4228 itidem
1174 4167 1291 4229 estad
1319 4185 1387 4229 rem
1412 4176 1629 4248 praesentem,
1652 4167 1742 4249 quod

569 4317 747 4324 a—----—-—

764 4386 772 4416 ¹
788 4385 805 4436 l
820 4400 841 4437 1.
855 4399 876 4438 a.
890 4401 912 4450 3.
926 4399 948 4448 5.
963 4399 1000 4436 ro.
1011 4385 1042 4435 de
1054 4385 1086 4435 iu.
1098 4393 1123 4434 et
1134 4384 1179 4434 iur.
1192 4383 1237 4447 (D.
1252 4399 1273 4434 r.
1288 4387 1320 4447 r).
1404 4365 1407 4370 Ι

491 4468 502 4500 ¹
517 4469 534 4522 l.
546 4483 570 4532 3.
582 4470 612 4522 C.
624 4469 656 4521 de
667 4486 703 4521 su.
715 4478 740 4520 et
752 4469 799 4534 leg.
814 4467 849 4532 (6.
862 4470 919 4531 55);
937 4467 955 4519 l.
967 4481 989 4530 3.
1002 4467 1032 4518 C.
1045 4466 1092 4532 leg.
1105 4467 1156 4518 her.
1169 4466 1204 4529 (6.
1215 4468 1266 4528 58).
1386 4467 1476 4522 {Hor
1488 4467 1522 4517 ill.
1535 4483 1558 4531 q.
1573 4480 1594 4516 2.

409 4552 419 4581 ⁴
435 4551 476 4603 AL
490 4566 512 4603 2.
524 4567 591 4604 cons.
604 4563 643 4616 37.
829 4549 840 4580 ⁸
857 4551 937 4600 Castr.
950 4565 986 4614 pr.
998 4548 1029 4598 ‹le
1041 4549 1096 4599 iust
1111 4549 1156 4612 (D.
1171 4563 1193 4597 r.
1207 4550 1241 4610 ι).
1427 4547 1507 4598 (δίο.
1521 4548 1591 4599 Orat.
1603 4563 1625 4598 o
1636 4561 1676 4610 4²·

507 4633 517 4665 ²
533 4633 586 4687 Plu.
600 4643 623 4698 7.
633 4634 665 4684 de
675 4633 760 4699 Legi.;
778 4632 832 4683 Bal.
843 4631 861 4682 l.
876 4646 896 4683 1.
908 4632 939 4681 de
950 4629 997 4688 his,
1009 4631 1051 4696 qui
1063 4647 1091 4680 su
1103 4647 1140 4682 su.
1152 4630 1198 4693 (D.
1209 4645 1229 4680 1.
1239 4628 1274 4692 6).
1377 4629 1387 4658 ⁸
1405 4629 1507 4678 Conest.
1518 4645 1541 4692 4.
1555 4644 1578 4692 5.

1032 4831 1057 4880 D
