<?xml version="1.0" encoding="UTF-8"?>
<!DOCTYPE html PUBLIC "-//W3C//DTD XHTML 1.0 Transitional//EN"
    "http://www.w3.org/TR/xhtml1/DTD/xhtml1-transitional.dtd">
<html xmlns="http://www.w3.org/1999/xhtml" xml:lang="en" lang="en">
 <head>
  <title>
</title>
<meta http-equiv="Content-Type" content="text/html;charset=utf-8" />
  <meta name='ocr-system' content='tesseract 3.04.00' />
  <meta name='ocr-capabilities' content='ocr_page ocr_carea ocr_par ocr_line ocrx_word'/>
</head>
<body>
  <div class='ocr_page' id='page_1' title='image "albericigentili01gentgoog_0048.png"; bbox 0 0 4456 5566; ppageno 0'>
   <div class='ocr_carea' id='block_1_1' title="bbox 695 867 1751 938">
    <p class='ocr_par' dir='ltr' id='par_1_1' title="bbox 695 867 1751 938">
     <span class='ocr_line' id='line_1_1' title="bbox 695 867 1751 938; baseline -0.005 -14"><span class='ocrx_word' id='word_1_1' title='bbox 695 868 754 924; x_wconf 77' lang='lat' dir='ltr'><strong>oa</strong></span> <span class='ocrx_word' id='word_1_2' title='bbox 784 867 887 924; x_wconf 73' lang='lat' dir='ltr'><strong>runa</strong></span> <span class='ocrx_word' id='word_1_3' title='bbox 916 867 1049 938; x_wconf 68' lang='lat' dir='ltr'><strong>nazar,</strong></span> <span class='ocrx_word' id='word_1_4' title='bbox 1079 867 1206 938; x_wconf 76' lang='lat' dir='ltr'><strong>arar,</strong></span> <span class='ocrx_word' id='word_1_5' title='bbox 1239 867 1326 924; x_wconf 73' lang='lat' dir='ltr'><strong>can</strong></span> <span class='ocrx_word' id='word_1_6' title='bbox 1350 868 1409 924; x_wconf 83' lang='lat' dir='ltr'><strong>m.</strong></span> <span class='ocrx_word' id='word_1_7' title='bbox 1713 870 1751 937; x_wconf 88' lang='lat'><strong>15</strong></span> 
     </span>
    </p>
   </div>
   <div class='ocr_carea' id='block_1_2' title="bbox 352 1105 1753 4424">
    <p class='ocr_par' dir='ltr' id='par_1_2' title="bbox 352 1105 1753 4424">
     <span class='ocr_line' id='line_1_2' title="bbox 352 1105 1752 1173; baseline -0.001 -2"><span class='ocrx_word' id='word_1_8' title='bbox 352 1108 469 1173; x_wconf 84' lang='lat' dir='ltr'><strong>relerre</strong></span> <span class='ocrx_word' id='word_1_9' title='bbox 487 1108 519 1171; x_wconf 90' lang='lat' dir='ltr'><strong>in</strong></span> <span class='ocrx_word' id='word_1_10' title='bbox 539 1107 707 1172; x_wconf 83' lang='lat' dir='ltr'>arbitrium</span> <span class='ocrx_word' id='word_1_11' title='bbox 728 1106 895 1172; x_wconf 89' lang='lat' dir='ltr'><strong>Pontificis</strong></span> <span class='ocrx_word' id='word_1_12' title='bbox 916 1105 1059 1169; x_wconf 92' lang='lat' dir='ltr'><strong>Romani</strong></span> <span class='ocrx_word' id='word_1_13' title='bbox 1078 1105 1251 1170; x_wconf 89' lang='lat' dir='ltr'><strong>uoluerunt</strong></span> <span class='ocrx_word' id='word_1_14' title='bbox 1261 1105 1282 1170; x_wconf 92' lang='lat'><strong>¹.</strong></span> <span class='ocrx_word' id='word_1_15' title='bbox 1328 1106 1374 1170; x_wconf 90' lang='lat' dir='ltr'><strong>Et</strong></span> <span class='ocrx_word' id='word_1_16' title='bbox 1396 1105 1543 1170; x_wconf 90' lang='lat' dir='ltr'><strong>Heluetii</strong></span> <span class='ocrx_word' id='word_1_17' title='bbox 1566 1106 1612 1170; x_wconf 90' lang='lat' dir='ltr'><strong>sic</strong></span> <span class='ocrx_word' id='word_1_18' title='bbox 1635 1125 1752 1170; x_wconf 91' lang='lat' dir='ltr'><strong>conue-</strong></span> 
     </span>
     <span class='ocr_line' id='line_1_3' title="bbox 352 1217 1752 1300; baseline -0.003 -16"><span class='ocrx_word' id='word_1_19' title='bbox 352 1229 470 1284; x_wconf 89' lang='lat' dir='ltr'><strong>nerunt</strong></span> <span class='ocrx_word' id='word_1_20' title='bbox 486 1240 561 1285; x_wconf 93' lang='lat' dir='ltr'><strong>cum</strong></span> <span class='ocrx_word' id='word_1_21' title='bbox 575 1218 680 1298; x_wconf 90' lang='lat' dir='ltr'><strong>Gallo,</strong></span> <span class='ocrx_word' id='word_1_22' title='bbox 692 1227 730 1282; x_wconf 90' lang='lat' dir='ltr'><strong>ut</strong></span> <span class='ocrx_word' id='word_1_23' title='bbox 745 1219 864 1283; x_wconf 89' lang='lat' dir='ltr'><strong>abhoc</strong></span> <span class='ocrx_word' id='word_1_24' title='bbox 879 1238 954 1300; x_wconf 90' lang='lat' dir='ltr'><strong>pars</strong></span> <span class='ocrx_word' id='word_1_25' title='bbox 966 1217 1021 1282; x_wconf 89' lang='lat' dir='ltr'><strong>illa</strong></span> <span class='ocrx_word' id='word_1_26' title='bbox 1034 1219 1245 1300; x_wconf 89' lang='lat' dir='ltr'><strong>Burgundiae</strong></span> <span class='ocrx_word' id='word_1_27' title='bbox 1258 1217 1613 1282; x_wconf 31' lang='lat' dir='ltr'><strong>restituereturrCarolo</strong></span> <span class='ocrx_word' id='word_1_28' title='bbox 1626 1218 1752 1300; x_wconf 90' lang='lat' dir='ltr'><strong>Imper-</strong></span> 
     </span>
     <span class='ocr_line' id='line_1_4' title="bbox 352 1328 1752 1414; baseline -0.003 -19"><span class='ocrx_word' id='word_1_29' title='bbox 352 1332 442 1407; x_wconf 90' lang='lat' dir='ltr'><strong>atori,</strong></span> <span class='ocrx_word' id='word_1_30' title='bbox 459 1351 560 1414; x_wconf 89' lang='lat' dir='ltr'><strong>quam</strong></span> <span class='ocrx_word' id='word_1_31' title='bbox 577 1329 800 1394; x_wconf 86' lang='lat' dir='ltr'><strong>Iurisconsulti</strong></span> <span class='ocrx_word' id='word_1_32' title='bbox 817 1328 1094 1394; x_wconf 66' lang='lat' dir='ltr'><strong>constituissentl.</strong></span> <span class='ocrx_word' id='word_1_33' title='bbox 1141 1329 1185 1392; x_wconf 91' lang='lat' dir='ltr'><strong>Et</strong></span> <span class='ocrx_word' id='word_1_34' title='bbox 1203 1330 1246 1393; x_wconf 89' lang='lat' dir='ltr'><strong>de</strong></span> <span class='ocrx_word' id='word_1_35' title='bbox 1266 1349 1366 1411; x_wconf 84' lang='lat' dir='ltr'><strong>regno</strong></span> <span class='ocrx_word' id='word_1_36' title='bbox 1383 1329 1552 1393; x_wconf 89' lang='lat' dir='ltr'><strong>Nauarrae</strong></span> <span class='ocrx_word' id='word_1_37' title='bbox 1570 1329 1655 1392; x_wconf 88' lang='lat' dir='ltr'><strong>inter</strong></span> <span class='ocrx_word' id='word_1_38' title='bbox 1669 1330 1752 1392; x_wconf 89' lang='lat' dir='ltr'><strong>duos</strong></span> 
     </span>
     <span class='ocr_line' id='line_1_5' title="bbox 352 1439 1753 1525; baseline -0.004 -18"><span class='ocrx_word' id='word_1_39' title='bbox 352 1443 412 1507; x_wconf 91' lang='lat' dir='ltr'><strong>hos</strong></span> <span class='ocrx_word' id='word_1_40' title='bbox 430 1442 593 1525; x_wconf 86' lang='lat' dir='ltr'>principes</span> <span class='ocrx_word' id='word_1_41' title='bbox 612 1442 726 1505; x_wconf 90' lang='lat' dir='ltr'><strong>itidem</strong></span> <span class='ocrx_word' id='word_1_42' title='bbox 746 1441 908 1520; x_wconf 88' lang='lat' dir='ltr'><strong>conuenit,</strong></span> <span class='ocrx_word' id='word_1_43' title='bbox 923 1450 961 1504; x_wconf 92' lang='lat' dir='ltr'><strong>ut</strong></span> <span class='ocrx_word' id='word_1_44' title='bbox 980 1441 1086 1504; x_wconf 87' lang='lat' dir='ltr'><strong>eiecto</strong></span> <span class='ocrx_word' id='word_1_45' title='bbox 1107 1439 1186 1504; x_wconf 92' lang='lat' dir='ltr'><strong>illud</strong></span> <span class='ocrx_word' id='word_1_46' title='bbox 1209 1441 1276 1523; x_wconf 87' lang='lat' dir='ltr'><strong>regi</strong></span> <span class='ocrx_word' id='word_1_47' title='bbox 1297 1441 1529 1518; x_wconf 84' lang='lat' dir='ltr'><strong>restitueretur,</strong></span> <span class='ocrx_word' id='word_1_48' title='bbox 1546 1440 1573 1504; x_wconf 91' lang='lat' dir='ltr'><strong>si</strong></span> <span class='ocrx_word' id='word_1_49' title='bbox 1591 1439 1753 1504; x_wconf 89' lang='lat' dir='ltr'><strong>iudicibus</strong></span> 
     </span>
     <span class='ocr_line' id='line_1_6' title="bbox 353 1549 1753 1636; baseline -0.003 -19"><span class='ocrx_word' id='word_1_50' title='bbox 353 1575 396 1618; x_wconf 88' lang='lat' dir='ltr'><strong>ex</strong></span> <span class='ocrx_word' id='word_1_51' title='bbox 419 1572 533 1636; x_wconf 88' lang='lat' dir='ltr'><strong>aequo,</strong></span> <span class='ocrx_word' id='word_1_52' title='bbox 552 1561 586 1616; x_wconf 91' lang='lat' dir='ltr'><strong>et</strong></span> <span class='ocrx_word' id='word_1_53' title='bbox 608 1553 678 1616; x_wconf 89' lang='lat' dir='ltr'><strong>iure</strong></span> <span class='ocrx_word' id='word_1_54' title='bbox 699 1552 865 1616; x_wconf 89' lang='lat' dir='ltr'><strong>uideretur</strong></span> <span class='ocrx_word' id='word_1_55' title='bbox 874 1550 894 1616; x_wconf 83' lang='lat'><strong>³.</strong></span> <span class='ocrx_word' id='word_1_56' title='bbox 941 1551 986 1615; x_wconf 91' lang='lat' dir='ltr'><strong>Et</strong></span> <span class='ocrx_word' id='word_1_57' title='bbox 1009 1551 1093 1614; x_wconf 89' lang='lat' dir='ltr'><strong>inter</strong></span> <span class='ocrx_word' id='word_1_58' title='bbox 1114 1551 1360 1617; x_wconf 90' lang='lat' dir='ltr'><strong>Ferdinandum</strong></span> <span class='ocrx_word' id='word_1_59' title='bbox 1381 1550 1509 1634; x_wconf 85' lang='lat' dir='ltr'><strong>Regem</strong></span> <span class='ocrx_word' id='word_1_60' title='bbox 1531 1549 1698 1632; x_wconf 86' lang='lat' dir='ltr'><strong>Neapolis,</strong></span> <span class='ocrx_word' id='word_1_61' title='bbox 1718 1559 1753 1613; x_wconf 90' lang='lat' dir='ltr'><strong>et</strong></span> 
     </span>
     <span class='ocr_line' id='line_1_7' title="bbox 354 1661 1752 1746; baseline -0.003 -19"><span class='ocrx_word' id='word_1_62' title='bbox 354 1664 538 1746; x_wconf 88' lang='lat' dir='ltr'><strong>Principem</strong></span> <span class='ocrx_word' id='word_1_63' title='bbox 561 1662 779 1727; x_wconf 89' lang='lat' dir='ltr'><strong>Tarentinum</strong></span> <span class='ocrx_word' id='word_1_64' title='bbox 802 1662 951 1726; x_wconf 90' lang='lat' dir='ltr'><strong>similiter</strong></span> <span class='ocrx_word' id='word_1_65' title='bbox 973 1661 1130 1744; x_wconf 89' lang='lat' dir='ltr'><strong>appellati</strong></span> <span class='ocrx_word' id='word_1_66' title='bbox 1152 1663 1275 1726; x_wconf 88' lang='lat' dir='ltr'><strong>nostri:</strong></span> <span class='ocrx_word' id='word_1_67' title='bbox 1305 1682 1445 1745; x_wconf 91' lang='lat' dir='ltr'><strong>quorum</strong></span> <span class='ocrx_word' id='word_1_68' title='bbox 1467 1661 1601 1725; x_wconf 89' lang='lat' dir='ltr'><strong>arbitrio</strong></span> <span class='ocrx_word' id='word_1_69' title='bbox 1623 1661 1752 1743; x_wconf 87' lang='lat' dir='ltr'><strong>sapien-</strong></span> 
     </span>
     <span class='ocr_line' id='line_1_8' title="bbox 354 1769 1752 1856; baseline -0.002 -17"><span class='ocrx_word' id='word_1_70' title='bbox 354 1786 424 1840; x_wconf 92' lang='lat' dir='ltr'><strong>tum</strong></span> <span class='ocrx_word' id='word_1_71' title='bbox 444 1775 639 1840; x_wconf 87' lang='lat' dir='ltr'><strong>scriberetur</strong></span> <span class='ocrx_word' id='word_1_72' title='bbox 656 1775 910 1838; x_wconf 89' lang='lat' dir='ltr'><strong>instrumentum</strong></span> <span class='ocrx_word' id='word_1_73' title='bbox 929 1773 1020 1856; x_wconf 89' lang='lat' dir='ltr'><strong>pacis</strong></span> <span class='ocrx_word' id='word_1_74' title='bbox 1029 1769 1052 1837; x_wconf 81' lang='lat'><strong>⁴.</strong></span> <span class='ocrx_word' id='word_1_75' title='bbox 1097 1773 1147 1837; x_wconf 88' lang='lat' dir='ltr'><strong>At</strong></span> <span class='ocrx_word' id='word_1_76' title='bbox 1166 1794 1223 1837; x_wconf 90' lang='lat' dir='ltr'><strong>cur</strong></span> <span class='ocrx_word' id='word_1_77' title='bbox 1241 1794 1388 1836; x_wconf 90' lang='lat' dir='ltr'><strong>memoro</strong></span> <span class='ocrx_word' id='word_1_78' title='bbox 1406 1773 1490 1837; x_wconf 89' lang='lat' dir='ltr'><strong>adeo</strong></span> <span class='ocrx_word' id='word_1_79' title='bbox 1510 1771 1636 1837; x_wconf 86' lang='lat' dir='ltr'><strong>multa?</strong></span> <span class='ocrx_word' id='word_1_80' title='bbox 1680 1771 1752 1836; x_wconf 90' lang='lat' dir='ltr'><strong>Aut</strong></span> 
     </span>
     <span class='ocr_line' id='line_1_9' title="bbox 354 1881 1752 1970; baseline -0.003 -20"><span class='ocrx_word' id='word_1_81' title='bbox 354 1887 425 1970; x_wconf 88' lang='lat' dir='ltr'><strong>quis</strong></span> <span class='ocrx_word' id='word_1_82' title='bbox 447 1885 552 1950; x_wconf 90' lang='lat' dir='ltr'><strong>multo</strong></span> <span class='ocrx_word' id='word_1_83' title='bbox 570 1885 711 1969; x_wconf 89' lang='lat' dir='ltr'><strong>plurima</strong></span> <span class='ocrx_word' id='word_1_84' title='bbox 733 1906 798 1950; x_wconf 94' lang='lat' dir='ltr'><strong>non</strong></span> <span class='ocrx_word' id='word_1_85' title='bbox 817 1886 910 1948; x_wconf 90' lang='lat' dir='ltr'><strong>nouit</strong></span> <span class='ocrx_word' id='word_1_86' title='bbox 927 1884 1015 1949; x_wconf 84' lang='lat' dir='ltr'><strong>facta</strong></span> <span class='ocrx_word' id='word_1_87' title='bbox 1033 1884 1193 1949; x_wconf 91' lang='lat' dir='ltr'><strong>eiusmodi</strong></span> <span class='ocrx_word' id='word_1_88' title='bbox 1215 1905 1274 1967; x_wconf 91' lang='lat' dir='ltr'><strong>per</strong></span> <span class='ocrx_word' id='word_1_89' title='bbox 1294 1905 1392 1948; x_wconf 92' lang='lat' dir='ltr'><strong>omne</strong></span> <span class='ocrx_word' id='word_1_90' title='bbox 1410 1881 1574 1947; x_wconf 83' lang='lat' dir='ltr'><strong>aeuum⁵?</strong></span> <span class='ocrx_word' id='word_1_91' title='bbox 1620 1883 1752 1948; x_wconf 89' lang='lat' dir='ltr'><strong>Scilicet</strong></span> 
     </span>
     <span class='ocr_line' id='line_1_10' title="bbox 355 1994 1752 2080; baseline -0.002 -19"><span class='ocrx_word' id='word_1_92' title='bbox 355 2008 390 2063; x_wconf 90' lang='lat' dir='ltr'><strong>ut</strong></span> <span class='ocrx_word' id='word_1_93' title='bbox 412 1997 606 2080; x_wconf 85' lang='lat' dir='ltr'><strong>intelligant,</strong></span> <span class='ocrx_word' id='word_1_94' title='bbox 627 1997 684 2080; x_wconf 91' lang='lat' dir='ltr'><strong>qui</strong></span> <span class='ocrx_word' id='word_1_95' title='bbox 707 1996 879 2078; x_wconf 84' lang='lat' dir='ltr'><strong>defugiunt</strong></span> <span class='ocrx_word' id='word_1_96' title='bbox 901 2016 1005 2078; x_wconf 85' lang='lat' dir='ltr'><strong>genus</strong></span> <span class='ocrx_word' id='word_1_97' title='bbox 1031 1994 1093 2060; x_wconf 92' lang='lat' dir='ltr'><strong>hoc</strong></span> <span class='ocrx_word' id='word_1_98' title='bbox 1116 1996 1305 2062; x_wconf 86' lang='lat' dir='ltr'><strong>decertandi</strong></span> <span class='ocrx_word' id='word_1_99' title='bbox 1333 2017 1391 2079; x_wconf 92' lang='lat' dir='ltr'><strong>per</strong></span> <span class='ocrx_word' id='word_1_100' title='bbox 1413 1995 1696 2079; x_wconf 88' lang='lat' dir='ltr'><strong>disceptationem,</strong></span> <span class='ocrx_word' id='word_1_101' title='bbox 1719 2005 1752 2058; x_wconf 90' lang='lat' dir='ltr'><strong>et</strong></span> 
     </span>
     <span class='ocr_line' id='line_1_11' title="bbox 354 2107 1752 2191; baseline -0.002 -19"><span class='ocrx_word' id='word_1_102' title='bbox 354 2110 396 2174; x_wconf 91' lang='lat' dir='ltr'><strong>ad</strong></span> <span class='ocrx_word' id='word_1_103' title='bbox 414 2109 564 2187; x_wconf 89' lang='lat' dir='ltr'><strong>alterum,</strong></span> <span class='ocrx_word' id='word_1_104' title='bbox 579 2107 668 2191; x_wconf 90' lang='lat' dir='ltr'><strong>quod</strong></span> <span class='ocrx_word' id='word_1_105' title='bbox 688 2118 737 2172; x_wconf 88' lang='lat' dir='ltr'><strong>est</strong></span> <span class='ocrx_word' id='word_1_106' title='bbox 756 2128 815 2190; x_wconf 91' lang='lat' dir='ltr'><strong>per</strong></span> <span class='ocrx_word' id='word_1_107' title='bbox 832 2109 908 2185; x_wconf 90' lang='lat' dir='ltr'><strong>uim,</strong></span> <span class='ocrx_word' id='word_1_108' title='bbox 927 2115 1059 2171; x_wconf 90' lang='lat' dir='ltr'><strong>currunt</strong></span> <span class='ocrx_word' id='word_1_109' title='bbox 1079 2107 1164 2184; x_wconf 91' lang='lat' dir='ltr'><strong>ilico,</strong></span> <span class='ocrx_word' id='word_1_110' title='bbox 1184 2128 1240 2171; x_wconf 91' lang='lat' dir='ltr'><strong>eos</strong></span> <span class='ocrx_word' id='word_1_111' title='bbox 1258 2129 1278 2171; x_wconf 90' lang='lat' dir='ltr'><strong>a</strong></span> <span class='ocrx_word' id='word_1_112' title='bbox 1296 2107 1427 2186; x_wconf 87' lang='lat' dir='ltr'><strong>iustitia,</strong></span> <span class='ocrx_word' id='word_1_113' title='bbox 1443 2108 1485 2172; x_wconf 87' lang='lat' dir='ltr'><strong>ab</strong></span> <span class='ocrx_word' id='word_1_114' title='bbox 1504 2107 1752 2182; x_wconf 86' lang='lat' dir='ltr'><strong>humanitate,a</strong></span> 
     </span>
     <span class='ocr_line' id='line_1_12' title="bbox 354 2218 1752 2303; baseline -0.002 -20"><span class='ocrx_word' id='word_1_115' title='bbox 354 2221 465 2303; x_wconf 90' lang='lat' dir='ltr'><strong>probis</strong></span> <span class='ocrx_word' id='word_1_116' title='bbox 488 2219 651 2303; x_wconf 88' lang='lat' dir='ltr'><strong>exemplis</strong></span> <span class='ocrx_word' id='word_1_117' title='bbox 673 2219 841 2302; x_wconf 82' lang='lat' dir='ltr'><strong>refugere:</strong></span> <span class='ocrx_word' id='word_1_118' title='bbox 872 2227 906 2282; x_wconf 91' lang='lat' dir='ltr'><strong>et</strong></span> <span class='ocrx_word' id='word_1_119' title='bbox 929 2239 1020 2281; x_wconf 89' lang='lat' dir='ltr'><strong>ruere</strong></span> <span class='ocrx_word' id='word_1_120' title='bbox 1043 2218 1076 2281; x_wconf 91' lang='lat' dir='ltr'><strong>in</strong></span> <span class='ocrx_word' id='word_1_121' title='bbox 1098 2239 1190 2282; x_wconf 90' lang='lat' dir='ltr'><strong>arma</strong></span> <span class='ocrx_word' id='word_1_122' title='bbox 1213 2218 1370 2297; x_wconf 89' lang='lat' dir='ltr'><strong>uolentes,</strong></span> <span class='ocrx_word' id='word_1_123' title='bbox 1388 2219 1444 2302; x_wconf 93' lang='lat' dir='ltr'><strong>qui</strong></span> <span class='ocrx_word' id='word_1_124' title='bbox 1468 2219 1576 2282; x_wconf 89' lang='lat' dir='ltr'><strong>subire</strong></span> <span class='ocrx_word' id='word_1_125' title='bbox 1597 2218 1752 2282; x_wconf 90' lang='lat' dir='ltr'><strong>iudicium</strong></span> 
     </span>
     <span class='ocr_line' id='line_1_13' title="bbox 355 2328 1752 2414; baseline -0.001 -19"><span class='ocrx_word' id='word_1_126' title='bbox 355 2331 475 2396; x_wconf 91' lang='lat' dir='ltr'><strong>nullius</strong></span> <span class='ocrx_word' id='word_1_127' title='bbox 502 2331 613 2396; x_wconf 91' lang='lat' dir='ltr'><strong>uelint.</strong></span> <span class='ocrx_word' id='word_1_128' title='bbox 659 2332 747 2395; x_wconf 89' lang='lat' dir='ltr'><strong>Nam</strong></span> <span class='ocrx_word' id='word_1_129' title='bbox 775 2351 832 2394; x_wconf 90' lang='lat' dir='ltr'><strong>cur</strong></span> <span class='ocrx_word' id='word_1_130' title='bbox 856 2331 1059 2412; x_wconf 90' lang='lat' dir='ltr'><strong>priuatorum</strong></span> <span class='ocrx_word' id='word_1_131' title='bbox 1086 2349 1228 2407; x_wconf 88' lang='lat' dir='ltr'><strong>caussae,</strong></span> <span class='ocrx_word' id='word_1_132' title='bbox 1253 2329 1392 2394; x_wconf 89' lang='lat' dir='ltr'><strong>maiores</strong></span> <span class='ocrx_word' id='word_1_133' title='bbox 1418 2351 1517 2414; x_wconf 86' lang='lat' dir='ltr'><strong>saepe</strong></span> <span class='ocrx_word' id='word_1_134' title='bbox 1541 2328 1591 2394; x_wconf 89' lang='lat' dir='ltr'><strong>his</strong></span> <span class='ocrx_word' id='word_1_135' title='bbox 1613 2329 1752 2413; x_wconf 88' lang='lat' dir='ltr'><strong>publicis</strong></span> 
     </span>
     <span class='ocr_line' id='line_1_14' title="bbox 355 2439 1752 2524; baseline -0.004 -16"><span class='ocrx_word' id='word_1_136' title='bbox 355 2443 555 2508; x_wconf 89' lang='lat' dir='ltr'><strong>obscuriores</strong></span> <span class='ocrx_word' id='word_1_137' title='bbox 581 2452 669 2506; x_wconf 89' lang='lat' dir='ltr'><strong>certe</strong></span> <span class='ocrx_word' id='word_1_138' title='bbox 699 2441 884 2524; x_wconf 86' lang='lat' dir='ltr'><strong>plurimum,</strong></span> <span class='ocrx_word' id='word_1_139' title='bbox 907 2450 1061 2505; x_wconf 89' lang='lat' dir='ltr'><strong>tenentur</strong></span> <span class='ocrx_word' id='word_1_140' title='bbox 1086 2441 1221 2520; x_wconf 89' lang='lat' dir='ltr'><strong>iudiciis,</strong></span> <span class='ocrx_word' id='word_1_141' title='bbox 1245 2441 1432 2524; x_wconf 87' lang='lat' dir='ltr'><strong>Principum</strong></span> <span class='ocrx_word' id='word_1_142' title='bbox 1459 2463 1525 2505; x_wconf 94' lang='lat' dir='ltr'><strong>non</strong></span> <span class='ocrx_word' id='word_1_143' title='bbox 1551 2439 1752 2506; x_wconf 76' lang='lat' dir='ltr'><strong>tenentur⁶?</strong></span> 
     </span>
     <span class='ocr_line' id='line_1_15' title="bbox 357 2549 1751 2639; baseline 0 -23"><span class='ocrx_word' id='word_1_144' title='bbox 357 2553 484 2631; x_wconf 90' lang='lat' dir='ltr'><strong>Melius,</strong></span> <span class='ocrx_word' id='word_1_145' title='bbox 500 2563 533 2618; x_wconf 89' lang='lat' dir='ltr'><strong>et</strong></span> <span class='ocrx_word' id='word_1_146' title='bbox 549 2553 675 2618; x_wconf 89' lang='lat' dir='ltr'><strong>ciuilius</strong></span> <span class='ocrx_word' id='word_1_147' title='bbox 691 2563 748 2632; x_wconf 90' lang='lat' dir='ltr'><strong>est,</strong></span> <span class='ocrx_word' id='word_1_148' title='bbox 764 2549 825 2638; x_wconf 92' lang='lat' dir='ltr'><strong>(ait</strong></span> <span class='ocrx_word' id='word_1_149' title='bbox 840 2549 920 2639; x_wconf 87' lang='lat' dir='ltr'><strong>lex,)</strong></span> <span class='ocrx_word' id='word_1_150' title='bbox 937 2573 1003 2617; x_wconf 93' lang='lat' dir='ltr'><strong>non</strong></span> <span class='ocrx_word' id='word_1_151' title='bbox 1022 2573 1121 2616; x_wconf 90' lang='lat' dir='ltr'><strong>manu</strong></span> <span class='ocrx_word' id='word_1_152' title='bbox 1138 2573 1255 2636; x_wconf 86' lang='lat' dir='ltr'><strong>cogere</strong></span> <span class='ocrx_word' id='word_1_153' title='bbox 1264 2553 1287 2617; x_wconf 83' lang='lat'><strong>⁷.</strong></span> <span class='ocrx_word' id='word_1_154' title='bbox 1331 2553 1459 2617; x_wconf 90' lang='lat' dir='ltr'><strong>Iudices</strong></span> <span class='ocrx_word' id='word_1_155' title='bbox 1477 2553 1552 2637; x_wconf 89' lang='lat' dir='ltr'><strong>eligi</strong></span> <span class='ocrx_word' id='word_1_156' title='bbox 1571 2553 1751 2637; x_wconf 69' lang='lat' dir='ltr'><strong>peritiores</strong></span> 
     </span>
     <span class='ocr_line' id='line_1_16' title="bbox 355 2664 1753 2748; baseline 0.002 -21"><span class='ocrx_word' id='word_1_157' title='bbox 355 2665 607 2748; x_wconf 90' lang='lat' dir='ltr'><strong>incorruptiores</strong></span> <span class='ocrx_word' id='word_1_158' title='bbox 622 2666 655 2728; x_wconf 93' lang='lat' dir='ltr'><strong>in</strong></span> <span class='ocrx_word' id='word_1_159' title='bbox 672 2665 793 2730; x_wconf 89' lang='lat' dir='ltr'><strong>caussis</strong></span> <span class='ocrx_word' id='word_1_160' title='bbox 810 2664 996 2747; x_wconf 90' lang='lat' dir='ltr'><strong>Principum</strong></span> <span class='ocrx_word' id='word_1_161' title='bbox 1012 2675 1168 2747; x_wconf 88' lang='lat' dir='ltr'><strong>possunt:</strong></span> <span class='ocrx_word' id='word_1_162' title='bbox 1193 2685 1278 2747; x_wconf 89' lang='lat' dir='ltr'><strong>quae</strong></span> <span class='ocrx_word' id='word_1_163' title='bbox 1294 2673 1380 2729; x_wconf 89' lang='lat' dir='ltr'><strong>teste</strong></span> <span class='ocrx_word' id='word_1_164' title='bbox 1394 2666 1496 2748; x_wconf 90' lang='lat' dir='ltr'><strong>quasi,</strong></span> <span class='ocrx_word' id='word_1_165' title='bbox 1511 2686 1550 2730; x_wconf 89' lang='lat' dir='ltr'><strong>ac</strong></span> <span class='ocrx_word' id='word_1_166' title='bbox 1565 2674 1753 2748; x_wconf 88' lang='lat' dir='ltr'><strong>spectatore</strong></span> 
     </span>
     <span class='ocr_line' id='line_1_17' title="bbox 355 2775 1753 2859; baseline 0.001 -18"><span class='ocrx_word' id='word_1_167' title='bbox 355 2778 434 2841; x_wconf 91' lang='lat' dir='ltr'><strong>orbe</strong></span> <span class='ocrx_word' id='word_1_168' title='bbox 456 2787 615 2842; x_wconf 85' lang='lat' dir='ltr'><strong>terrarum</strong></span> <span class='ocrx_word' id='word_1_169' title='bbox 639 2787 671 2840; x_wconf 89' lang='lat' dir='ltr'><strong>et</strong></span> <span class='ocrx_word' id='word_1_170' title='bbox 694 2776 879 2853; x_wconf 85' lang='lat' dir='ltr'><strong>audiantur,</strong></span> <span class='ocrx_word' id='word_1_171' title='bbox 901 2785 934 2840; x_wconf 91' lang='lat' dir='ltr'><strong>et</strong></span> <span class='ocrx_word' id='word_1_172' title='bbox 958 2775 1164 2840; x_wconf 87' lang='lat' dir='ltr'><strong>definiantur.</strong></span> <span class='ocrx_word' id='word_1_173' title='bbox 1210 2777 1334 2840; x_wconf 87' lang='lat' dir='ltr'><strong>‘Arma</strong></span> <span class='ocrx_word' id='word_1_174' title='bbox 1356 2797 1471 2841; x_wconf 86' lang='lat' dir='ltr'><strong>amens</strong></span> <span class='ocrx_word' id='word_1_175' title='bbox 1493 2779 1596 2859; x_wconf 89' lang='lat' dir='ltr'><strong>capio,</strong></span> <span class='ocrx_word' id='word_1_176' title='bbox 1618 2798 1678 2842; x_wconf 89' lang='lat' dir='ltr'><strong>nec</strong></span> <span class='ocrx_word' id='word_1_177' title='bbox 1701 2788 1753 2842; x_wconf 86' lang='lat' dir='ltr'><strong>sat</strong></span> 
     </span>
     <span class='ocr_line' id='line_1_18' title="bbox 356 2887 1751 2973; baseline -0.001 -20"><span class='ocrx_word' id='word_1_178' title='bbox 356 2889 511 2954; x_wconf 88' lang='lat' dir='ltr'><strong>‘rationis</strong></span> <span class='ocrx_word' id='word_1_179' title='bbox 529 2890 562 2952; x_wconf 93' lang='lat' dir='ltr'><strong>in</strong></span> <span class='ocrx_word' id='word_1_180' title='bbox 580 2887 699 2955; x_wconf 70' lang='lat' dir='ltr'><strong>armis.¹</strong></span> <span class='ocrx_word' id='word_1_181' title='bbox 746 2887 813 2952; x_wconf 88' lang='lat' dir='ltr'><strong>Cur</strong></span> <span class='ocrx_word' id='word_1_182' title='bbox 828 2887 999 2971; x_wconf 91' lang='lat' dir='ltr'><strong>Philippus</strong></span> <span class='ocrx_word' id='word_1_183' title='bbox 1016 2887 1252 2970; x_wconf 89' lang='lat' dir='ltr'><strong>Hispaniarum</strong></span> <span class='ocrx_word' id='word_1_184' title='bbox 1269 2909 1328 2952; x_wconf 88' lang='lat' dir='ltr'><strong>rex</strong></span> <span class='ocrx_word' id='word_1_185' title='bbox 1344 2888 1386 2953; x_wconf 89' lang='lat' dir='ltr'><strong>de</strong></span> <span class='ocrx_word' id='word_1_186' title='bbox 1402 2889 1471 2953; x_wconf 93' lang='lat' dir='ltr'><strong>iure</strong></span> <span class='ocrx_word' id='word_1_187' title='bbox 1486 2910 1544 2953; x_wconf 91' lang='lat' dir='ltr'><strong>suo</strong></span> <span class='ocrx_word' id='word_1_188' title='bbox 1563 2889 1596 2952; x_wconf 93' lang='lat' dir='ltr'><strong>in</strong></span> <span class='ocrx_word' id='word_1_189' title='bbox 1616 2910 1751 2973; x_wconf 86' lang='lat' dir='ltr'><strong>regnum</strong></span> 
     </span>
     <span class='ocr_line' id='line_1_19' title="bbox 357 2993 1752 3084; baseline -0.002 -17"><span class='ocrx_word' id='word_1_190' title='bbox 357 2999 548 3067; x_wconf 86' lang='lat' dir='ltr'><strong>Lusitaniae</strong></span> <span class='ocrx_word' id='word_1_191' title='bbox 573 2993 822 3066; x_wconf 57' lang='lat' dir='ltr'><strong>noluit&#39;iudicio</strong></span> <span class='ocrx_word' id='word_1_192' title='bbox 845 3019 919 3063; x_wconf 92' lang='lat' dir='ltr'><strong>cum</strong></span> <span class='ocrx_word' id='word_1_193' title='bbox 943 3020 1056 3064; x_wconf 90' lang='lat' dir='ltr'><strong>eorum</strong></span> <span class='ocrx_word' id='word_1_194' title='bbox 1079 2998 1147 3062; x_wconf 92' lang='lat' dir='ltr'><strong>ullo</strong></span> <span class='ocrx_word' id='word_1_195' title='bbox 1174 3000 1372 3064; x_wconf 90' lang='lat' dir='ltr'><strong>contendere</strong></span> <span class='ocrx_word' id='word_1_196' title='bbox 1394 3001 1450 3082; x_wconf 93' lang='lat' dir='ltr'><strong>qui</strong></span> <span class='ocrx_word' id='word_1_197' title='bbox 1475 3000 1536 3064; x_wconf 88' lang='lat' dir='ltr'><strong>sibi</strong></span> <span class='ocrx_word' id='word_1_198' title='bbox 1560 3001 1592 3064; x_wconf 91' lang='lat' dir='ltr'><strong>in</strong></span> <span class='ocrx_word' id='word_1_199' title='bbox 1616 3021 1752 3084; x_wconf 89' lang='lat' dir='ltr'><strong>regnum</strong></span> 
     </span>
     <span class='ocr_line' id='line_1_20' title="bbox 356 3109 1751 3193; baseline 0.001 -19"><span class='ocrx_word' id='word_1_200' title='bbox 356 3110 435 3175; x_wconf 91' lang='lat' dir='ltr'><strong>illud</strong></span> <span class='ocrx_word' id='word_1_201' title='bbox 454 3111 700 3176; x_wconf 90' lang='lat' dir='ltr'><strong>contendebant</strong></span> <span class='ocrx_word' id='word_1_202' title='bbox 718 3111 768 3174; x_wconf 91' lang='lat' dir='ltr'><strong>ius</strong></span> <span class='ocrx_word' id='word_1_203' title='bbox 785 3131 855 3176; x_wconf 87' lang='lat' dir='ltr'><strong>esse</strong></span> <span class='ocrx_word' id='word_1_204' title='bbox 875 3109 1029 3193; x_wconf 78' lang='lat' dir='ltr'><strong>potius⁸l</strong></span> <span class='ocrx_word' id='word_1_205' title='bbox 1060 3109 1152 3174; x_wconf 94' lang='lat' dir='ltr'><strong>Nihil</strong></span> <span class='ocrx_word' id='word_1_206' title='bbox 1171 3112 1252 3188; x_wconf 93' lang='lat' dir='ltr'><strong>dico,</strong></span> <span class='ocrx_word' id='word_1_207' title='bbox 1270 3133 1327 3176; x_wconf 91' lang='lat' dir='ltr'><strong>cur</strong></span> <span class='ocrx_word' id='word_1_208' title='bbox 1346 3112 1541 3176; x_wconf 89' lang='lat' dir='ltr'><strong>Pontificem</strong></span> <span class='ocrx_word' id='word_1_209' title='bbox 1561 3112 1751 3181; x_wconf 85' lang='lat' dir='ltr'><strong>Romanum</strong></span> 
     </span>
     <span class='ocr_line' id='line_1_21' title="bbox 357 3221 1753 3308; baseline 0.001 -22"><span class='ocrx_word' id='word_1_210' title='bbox 357 3221 495 3286; x_wconf 91' lang='lat' dir='ltr'><strong>noluerit</strong></span> <span class='ocrx_word' id='word_1_211' title='bbox 516 3223 668 3299; x_wconf 89' lang='lat' dir='ltr'><strong>iudicem,</strong></span> <span class='ocrx_word' id='word_1_212' title='bbox 686 3243 762 3286; x_wconf 92' lang='lat' dir='ltr'><strong>nam</strong></span> <span class='ocrx_word' id='word_1_213' title='bbox 782 3221 837 3285; x_wconf 93' lang='lat' dir='ltr'><strong>ille</strong></span> <span class='ocrx_word' id='word_1_214' title='bbox 858 3243 918 3286; x_wconf 91' lang='lat' dir='ltr'><strong>suo</strong></span> <span class='ocrx_word' id='word_1_215' title='bbox 940 3244 976 3286; x_wconf 89' lang='lat' dir='ltr'><strong>se</strong></span> <span class='ocrx_word' id='word_1_216' title='bbox 998 3222 1080 3285; x_wconf 90' lang='lat' dir='ltr'><strong>serre</strong></span> <span class='ocrx_word' id='word_1_217' title='bbox 1099 3222 1168 3286; x_wconf 89' lang='lat' dir='ltr'><strong>iure</strong></span> <span class='ocrx_word' id='word_1_218' title='bbox 1190 3223 1331 3287; x_wconf 88' lang='lat' dir='ltr'><strong>iudicem</strong></span> <span class='ocrx_word' id='word_1_219' title='bbox 1350 3225 1530 3288; x_wconf 90' lang='lat' dir='ltr'><strong>uidebatur.</strong></span> <span class='ocrx_word' id='word_1_220' title='bbox 1576 3224 1622 3287; x_wconf 93' lang='lat' dir='ltr'><strong>Et</strong></span> <span class='ocrx_word' id='word_1_221' title='bbox 1642 3225 1753 3308; x_wconf 89' lang='lat' dir='ltr'><strong>itaque</strong></span> 
     </span>
     <span class='ocr_line' id='line_1_22' title="bbox 357 3329 1752 3420; baseline 0.002 -23"><span class='ocrx_word' id='word_1_222' title='bbox 357 3329 457 3418; x_wconf 91' lang='lat' dir='ltr'><strong>(quod</strong></span> <span class='ocrx_word' id='word_1_223' title='bbox 478 3334 613 3399; x_wconf 89' lang='lat' dir='ltr'><strong>historia</strong></span> <span class='ocrx_word' id='word_1_224' title='bbox 637 3331 743 3420; x_wconf 86' lang='lat' dir='ltr'><strong>notat)</strong></span> <span class='ocrx_word' id='word_1_225' title='bbox 768 3333 938 3416; x_wconf 88' lang='lat' dir='ltr'><strong>Philippus</strong></span> <span class='ocrx_word' id='word_1_226' title='bbox 961 3333 1101 3398; x_wconf 90' lang='lat' dir='ltr'><strong>noluerit</strong></span> <span class='ocrx_word' id='word_1_227' title='bbox 1122 3335 1274 3398; x_wconf 91' lang='lat' dir='ltr'><strong>additum</strong></span> <span class='ocrx_word' id='word_1_228' title='bbox 1296 3335 1440 3418; x_wconf 89' lang='lat' dir='ltr'><strong>antiquis</strong></span> <span class='ocrx_word' id='word_1_229' title='bbox 1463 3335 1663 3418; x_wconf 91' lang='lat' dir='ltr'><strong>exemplum,</strong></span> <span class='ocrx_word' id='word_1_230' title='bbox 1685 3359 1752 3418; x_wconf 93' lang='lat' dir='ltr'><strong>quo</strong></span> 
     </span>
     <span class='ocr_line' id='line_1_23' title="bbox 355 3445 1751 3530; baseline 0.001 -22"><span class='ocrx_word' id='word_1_231' title='bbox 355 3445 475 3510; x_wconf 89' lang='lat' dir='ltr'><strong>arbiter</strong></span> <span class='ocrx_word' id='word_1_232' title='bbox 496 3466 670 3527; x_wconf 85' lang='lat' dir='ltr'><strong>regnorum</strong></span> <span class='ocrx_word' id='word_1_233' title='bbox 695 3446 785 3528; x_wconf 89' lang='lat' dir='ltr'><strong>Papa</strong></span> <span class='ocrx_word' id='word_1_234' title='bbox 806 3446 1041 3509; x_wconf 89' lang='lat' dir='ltr'><strong>adfirmaretur.</strong></span> <span class='ocrx_word' id='word_1_235' title='bbox 1099 3445 1173 3529; x_wconf 89' lang='lat' dir='ltr'><strong>Ego</strong></span> <span class='ocrx_word' id='word_1_236' title='bbox 1196 3447 1238 3510; x_wconf 89' lang='lat' dir='ltr'><strong>de</strong></span> <span class='ocrx_word' id='word_1_237' title='bbox 1260 3447 1389 3510; x_wconf 90' lang='lat' dir='ltr'><strong>arbitris</strong></span> <span class='ocrx_word' id='word_1_238' title='bbox 1416 3447 1539 3530; x_wconf 91' lang='lat' dir='ltr'><strong>loquor,</strong></span> <span class='ocrx_word' id='word_1_239' title='bbox 1562 3468 1645 3530; x_wconf 90' lang='lat' dir='ltr'><strong>quos</strong></span> <span class='ocrx_word' id='word_1_240' title='bbox 1667 3447 1751 3512; x_wconf 90' lang='lat' dir='ltr'><strong>acci·</strong></span> 
     </span>
     <span class='ocr_line' id='line_1_24' title="bbox 358 3556 1753 3640; baseline 0.003 -21"><span class='ocrx_word' id='word_1_241' title='bbox 358 3557 448 3638; x_wconf 91' lang='lat' dir='ltr'><strong>piant</strong></span> <span class='ocrx_word' id='word_1_242' title='bbox 471 3557 532 3640; x_wconf 90' lang='lat' dir='ltr'><strong>ipsi</strong></span> <span class='ocrx_word' id='word_1_243' title='bbox 552 3558 717 3639; x_wconf 90' lang='lat' dir='ltr'><strong>Principes</strong></span> <span class='ocrx_word' id='word_1_244' title='bbox 735 3567 863 3639; x_wconf 90' lang='lat' dir='ltr'><strong>sponte.</strong></span> <span class='ocrx_word' id='word_1_245' title='bbox 909 3556 955 3620; x_wconf 90' lang='lat' dir='ltr'><strong>Et</strong></span> <span class='ocrx_word' id='word_1_246' title='bbox 973 3556 1108 3620; x_wconf 90' lang='lat' dir='ltr'><strong>ridicula</strong></span> <span class='ocrx_word' id='word_1_247' title='bbox 1126 3567 1176 3621; x_wconf 93' lang='lat' dir='ltr'><strong>est</strong></span> <span class='ocrx_word' id='word_1_248' title='bbox 1195 3557 1390 3638; x_wconf 89' lang='lat' dir='ltr'><strong>disceptatio</strong></span> <span class='ocrx_word' id='word_1_249' title='bbox 1414 3559 1447 3621; x_wconf 92' lang='lat' dir='ltr'><strong>in</strong></span> <span class='ocrx_word' id='word_1_250' title='bbox 1470 3556 1526 3621; x_wconf 89' lang='lat' dir='ltr'><strong>illa</strong></span> <span class='ocrx_word' id='word_1_251' title='bbox 1548 3557 1691 3639; x_wconf 86' lang='lat' dir='ltr'><strong>historia,</strong></span> <span class='ocrx_word' id='word_1_252' title='bbox 1710 3560 1753 3624; x_wconf 93' lang='lat' dir='ltr'><strong>de</strong></span> 
     </span>
     <span class='ocr_line' id='line_1_25' title="bbox 358 3667 1752 3754; baseline 0.004 -24"><span class='ocrx_word' id='word_1_253' title='bbox 358 3667 597 3733; x_wconf 89' lang='lat' dir='ltr'><strong>Iurisconsultis</strong></span> <span class='ocrx_word' id='word_1_254' title='bbox 624 3691 689 3734; x_wconf 92' lang='lat' dir='ltr'><strong>non</strong></span> <span class='ocrx_word' id='word_1_255' title='bbox 719 3669 879 3732; x_wconf 90' lang='lat' dir='ltr'><strong>adeundis</strong></span> <span class='ocrx_word' id='word_1_256' title='bbox 909 3669 941 3731; x_wconf 94' lang='lat' dir='ltr'><strong>in</strong></span> <span class='ocrx_word' id='word_1_257' title='bbox 967 3667 1156 3731; x_wconf 92' lang='lat' dir='ltr'><strong>huiusmodi</strong></span> <span class='ocrx_word' id='word_1_258' title='bbox 1187 3668 1374 3748; x_wconf 92' lang='lat' dir='ltr'><strong>Principum</strong></span> <span class='ocrx_word' id='word_1_259' title='bbox 1401 3669 1648 3751; x_wconf 91' lang='lat' dir='ltr'><strong>quaestionibus</strong></span> <span class='ocrx_word' id='word_1_260' title='bbox 1675 3673 1752 3754; x_wconf 87' lang='lat' dir='ltr'><strong>quia</strong></span> 
     </span>
     <span class='ocr_line' id='line_1_26' title="bbox 358 3779 1751 3862; baseline 0.004 -20"><span class='ocrx_word' id='word_1_261' title='bbox 358 3779 424 3843; x_wconf 89' lang='lat' dir='ltr'><strong>iure</strong></span> <span class='ocrx_word' id='word_1_262' title='bbox 442 3781 590 3862; x_wconf 85' lang='lat' dir='ltr'><strong>gentium</strong></span> <span class='ocrx_word' id='word_1_263' title='bbox 614 3782 705 3861; x_wconf 88' lang='lat' dir='ltr'><strong>istae,</strong></span> <span class='ocrx_word' id='word_1_264' title='bbox 726 3802 791 3845; x_wconf 93' lang='lat' dir='ltr'><strong>non</strong></span> <span class='ocrx_word' id='word_1_265' title='bbox 810 3780 1053 3859; x_wconf 86' lang='lat' dir='ltr'><strong>subtilitatibus,</strong></span> <span class='ocrx_word' id='word_1_266' title='bbox 1072 3789 1105 3843; x_wconf 89' lang='lat' dir='ltr'><strong>et</strong></span> <span class='ocrx_word' id='word_1_267' title='bbox 1124 3779 1309 3844; x_wconf 87' lang='lat' dir='ltr'><strong>fictionibus</strong></span> <span class='ocrx_word' id='word_1_268' title='bbox 1328 3779 1405 3844; x_wconf 92' lang='lat' dir='ltr'><strong>iuris</strong></span> <span class='ocrx_word' id='word_1_269' title='bbox 1425 3780 1616 3846; x_wconf 90' lang='lat' dir='ltr'><strong>Iustinianei</strong></span> <span class='ocrx_word' id='word_1_270' title='bbox 1640 3785 1751 3862; x_wconf 91' lang='lat' dir='ltr'><strong>ciuilis,</strong></span> 
     </span>
     <span class='ocr_line' id='line_1_27' title="bbox 358 3892 1753 3978; baseline 0.005 -24"><span class='ocrx_word' id='word_1_271' title='bbox 358 3894 521 3975; x_wconf 85' lang='lat' dir='ltr'><strong>regendae</strong></span> <span class='ocrx_word' id='word_1_272' title='bbox 535 3893 608 3961; x_wconf 88' lang='lat' dir='ltr'><strong>sint.</strong></span> <span class='ocrx_word' id='word_1_273' title='bbox 656 3895 732 3958; x_wconf 92' lang='lat' dir='ltr'><strong>Hoc</strong></span> <span class='ocrx_word' id='word_1_274' title='bbox 750 3894 792 3960; x_wconf 91' lang='lat' dir='ltr'><strong>sit</strong></span> <span class='ocrx_word' id='word_1_275' title='bbox 812 3895 860 3957; x_wconf 91' lang='lat' dir='ltr'><strong>ius</strong></span> <span class='ocrx_word' id='word_1_276' title='bbox 879 3913 983 3975; x_wconf 90' lang='lat' dir='ltr'><strong>nuper</strong></span> <span class='ocrx_word' id='word_1_277' title='bbox 997 3893 1040 3955; x_wconf 92' lang='lat' dir='ltr'><strong>ab</strong></span> <span class='ocrx_word' id='word_1_278' title='bbox 1058 3892 1314 3975; x_wconf 90' lang='lat' dir='ltr'><strong>Imperatoribus</strong></span> <span class='ocrx_word' id='word_1_279' title='bbox 1333 3894 1503 3958; x_wconf 90' lang='lat' dir='ltr'><strong>conditum</strong></span> <span class='ocrx_word' id='word_1_280' title='bbox 1520 3894 1630 3959; x_wconf 90' lang='lat' dir='ltr'><strong>litibus</strong></span> <span class='ocrx_word' id='word_1_281' title='bbox 1645 3897 1753 3978; x_wconf 89' lang='lat' dir='ltr'><strong>priua-</strong></span> 
     </span>
     <span class='ocr_line' id='line_1_28' title="bbox 358 4003 1753 4089; baseline 0.004 -23"><span class='ocrx_word' id='word_1_282' title='bbox 358 4011 472 4069; x_wconf 88' lang='lat' dir='ltr'><strong>torum.</strong></span> <span class='ocrx_word' id='word_1_283' title='bbox 518 4005 617 4070; x_wconf 89' lang='lat' dir='ltr'><strong>Periti</strong></span> <span class='ocrx_word' id='word_1_284' title='bbox 643 4005 877 4089; x_wconf 86' lang='lat' dir='ltr'><strong>antiquitatum</strong></span> <span class='ocrx_word' id='word_1_285' title='bbox 904 4003 973 4079; x_wconf 90' lang='lat' dir='ltr'><strong>uiri,</strong></span> <span class='ocrx_word' id='word_1_286' title='bbox 995 4003 1050 4086; x_wconf 90' lang='lat' dir='ltr'><strong>qui</strong></span> <span class='ocrx_word' id='word_1_287' title='bbox 1077 4024 1175 4086; x_wconf 88' lang='lat' dir='ltr'><strong>supra</strong></span> <span class='ocrx_word' id='word_1_288' title='bbox 1201 4003 1337 4087; x_wconf 86' lang='lat' dir='ltr'><strong>uulgum</strong></span> <span class='ocrx_word' id='word_1_289' title='bbox 1360 4015 1437 4068; x_wconf 91' lang='lat' dir='ltr'><strong>sunt</strong></span> <span class='ocrx_word' id='word_1_290' title='bbox 1459 4004 1683 4088; x_wconf 82' lang='lat' dir='ltr'><strong>leguleionrm,</strong></span> <span class='ocrx_word' id='word_1_291' title='bbox 1706 4010 1753 4072; x_wconf 90' lang='lat' dir='ltr'><strong>ita</strong></span> 
     </span>
     <span class='ocr_line' id='line_1_29' title="bbox 358 4115 1753 4204; baseline 0.006 -27"><span class='ocrx_word' id='word_1_292' title='bbox 358 4117 549 4182; x_wconf 90' lang='lat' dir='ltr'><strong>censuerint.</strong></span> <span class='ocrx_word' id='word_1_293' title='bbox 594 4116 627 4181; x_wconf 92' lang='lat' dir='ltr'><strong>in</strong></span> <span class='ocrx_word' id='word_1_294' title='bbox 647 4137 685 4180; x_wconf 89' lang='lat' dir='ltr'><strong>ea</strong></span> <span class='ocrx_word' id='word_1_295' title='bbox 701 4117 893 4200; x_wconf 89' lang='lat' dir='ltr'><strong>quaestione</strong></span> <span class='ocrx_word' id='word_1_296' title='bbox 911 4115 1123 4180; x_wconf 89' lang='lat' dir='ltr'><strong>successionis</strong></span> <span class='ocrx_word' id='word_1_297' title='bbox 1142 4117 1232 4199; x_wconf 86' lang='lat' dir='ltr'><strong>regni</strong></span> <span class='ocrx_word' id='word_1_298' title='bbox 1251 4116 1440 4196; x_wconf 89' lang='lat' dir='ltr'><strong>Lusitanici‚</strong></span> <span class='ocrx_word' id='word_1_299' title='bbox 1456 4121 1545 4201; x_wconf 89' lang='lat' dir='ltr'><strong>quod</strong></span> <span class='ocrx_word' id='word_1_300' title='bbox 1565 4120 1606 4184; x_wconf 91' lang='lat' dir='ltr'><strong>de</strong></span> <span class='ocrx_word' id='word_1_301' title='bbox 1626 4141 1753 4204; x_wconf 91' lang='lat' dir='ltr'><strong>reprae-</strong></span> 
     </span>
     <span class='ocr_line' id='line_1_30' title="bbox 356 4227 1752 4314; baseline 0 -19"><span class='ocrx_word' id='word_1_302' title='bbox 356 4229 542 4294; x_wconf 88' lang='lat' dir='ltr'><strong>sentatione</strong></span> <span class='ocrx_word' id='word_1_303' title='bbox 557 4237 731 4312; x_wconf 90' lang='lat' dir='ltr'><strong>parentum</strong></span> <span class='ocrx_word' id='word_1_304' title='bbox 747 4228 917 4292; x_wconf 89' lang='lat' dir='ltr'><strong>dicebatur</strong></span> <span class='ocrx_word' id='word_1_305' title='bbox 932 4236 990 4290; x_wconf 90' lang='lat' dir='ltr'><strong>aut</strong></span> <span class='ocrx_word' id='word_1_306' title='bbox 1007 4248 1067 4309; x_wconf 93' lang='lat' dir='ltr'><strong>pro</strong></span> <span class='ocrx_word' id='word_1_307' title='bbox 1084 4227 1248 4306; x_wconf 87' lang='lat' dir='ltr'><strong>Farnesio,</strong></span> <span class='ocrx_word' id='word_1_308' title='bbox 1263 4237 1321 4292; x_wconf 91' lang='lat' dir='ltr'><strong>aut</strong></span> <span class='ocrx_word' id='word_1_309' title='bbox 1335 4250 1396 4312; x_wconf 92' lang='lat' dir='ltr'><strong>pro</strong></span> <span class='ocrx_word' id='word_1_310' title='bbox 1410 4229 1481 4294; x_wconf 89' lang='lat' dir='ltr'><strong>aliis</strong></span> <span class='ocrx_word' id='word_1_311' title='bbox 1500 4241 1613 4295; x_wconf 90' lang='lat' dir='ltr'><strong>contra</strong></span> <span class='ocrx_word' id='word_1_312' title='bbox 1630 4232 1752 4314; x_wconf 92' lang='lat' dir='ltr'><strong>Philip·</strong></span> 
     </span>
     <span class='ocr_line' id='line_1_31' title="bbox 359 4339 1753 4424; baseline 0.004 -23"><span class='ocrx_word' id='word_1_313' title='bbox 359 4357 446 4418; x_wconf 91' lang='lat' dir='ltr'><strong>pum,</strong></span> <span class='ocrx_word' id='word_1_314' title='bbox 461 4339 494 4404; x_wconf 92' lang='lat' dir='ltr'><strong>id</strong></span> <span class='ocrx_word' id='word_1_315' title='bbox 511 4350 596 4404; x_wconf 90' lang='lat' dir='ltr'><strong>esset</strong></span> <span class='ocrx_word' id='word_1_316' title='bbox 612 4341 654 4404; x_wconf 92' lang='lat' dir='ltr'><strong>ab</strong></span> <span class='ocrx_word' id='word_1_317' title='bbox 671 4340 811 4410; x_wconf 86' lang='lat' dir='ltr'><strong>inuentis</strong></span> <span class='ocrx_word' id='word_1_318' title='bbox 828 4339 1019 4404; x_wconf 86' lang='lat' dir='ltr'><strong>Iustiniani:</strong></span> <span class='ocrx_word' id='word_1_319' title='bbox 1043 4348 1143 4422; x_wconf 89' lang='lat' dir='ltr'><strong>atque</strong></span> <span class='ocrx_word' id='word_1_320' title='bbox 1158 4340 1242 4403; x_wconf 85' lang='lat' dir='ltr'><strong>adeo</strong></span> <span class='ocrx_word' id='word_1_321' title='bbox 1261 4360 1327 4403; x_wconf 94' lang='lat' dir='ltr'><strong>non</strong></span> <span class='ocrx_word' id='word_1_322' title='bbox 1346 4351 1458 4424; x_wconf 90' lang='lat' dir='ltr'><strong>posset</strong></span> <span class='ocrx_word' id='word_1_323' title='bbox 1473 4342 1532 4406; x_wconf 90' lang='lat' dir='ltr'><strong>has</strong></span> <span class='ocrx_word' id='word_1_324' title='bbox 1548 4344 1646 4408; x_wconf 90' lang='lat' dir='ltr'><strong>hodie</strong></span> <span class='ocrx_word' id='word_1_325' title='bbox 1662 4344 1753 4407; x_wconf 89' lang='lat' dir='ltr'><strong>finire</strong></span> 
     </span>
    </p>
   </div>
   <div class='ocr_carea' id='block_1_3' title="bbox 375 4625 1736 4853">
    <p class='ocr_par' dir='ltr' id='par_1_3' title="bbox 375 4625 1736 4853">
     <span class='ocr_line' id='line_1_32' title="bbox 535 4625 1574 4692; baseline -0.001 -17"><span class='ocrx_word' id='word_1_326' title='bbox 535 4625 544 4654; x_wconf 94' lang='lat'>¹</span> <span class='ocrx_word' id='word_1_327' title='bbox 560 4627 615 4677; x_wconf 90' lang='lat' dir='ltr'><strong>Ion.</strong></span> <span class='ocrx_word' id='word_1_328' title='bbox 627 4625 670 4676; x_wconf 89' lang='lat' dir='ltr'><strong>lib.</strong></span> <span class='ocrx_word' id='word_1_329' title='bbox 684 4640 694 4675; x_wconf 91' lang='lat'>1</span> <span class='ocrx_word' id='word_1_330' title='bbox 710 4628 745 4692; x_wconf 87' lang='lat' dir='ltr'><strong>(p.</strong></span> <span class='ocrx_word' id='word_1_331' title='bbox 761 4629 811 4690; x_wconf 86' lang='lat'>19).</span> <span class='ocrx_word' id='word_1_332' title='bbox 951 4627 961 4654; x_wconf 77' lang='lat'>²</span> <span class='ocrx_word' id='word_1_333' title='bbox 977 4627 1032 4675; x_wconf 92' lang='lat' dir='ltr'><strong>Iou.</strong></span> <span class='ocrx_word' id='word_1_334' title='bbox 1044 4626 1087 4676; x_wconf 91' lang='lat' dir='ltr'><strong>lib.</strong></span> <span class='ocrx_word' id='word_1_335' title='bbox 1101 4626 1124 4674; x_wconf 90' lang='lat'><strong>8.</strong></span> <span class='ocrx_word' id='word_1_336' title='bbox 1262 4627 1272 4656; x_wconf 82' lang='lat'><strong>¹</strong></span> <span class='ocrx_word' id='word_1_337' title='bbox 1289 4626 1343 4675; x_wconf 85' lang='lat' dir='ltr'><strong>Iou.</strong></span> <span class='ocrx_word' id='word_1_338' title='bbox 1356 4625 1399 4676; x_wconf 92' lang='lat' dir='ltr'><strong>lib.</strong></span> <span class='ocrx_word' id='word_1_339' title='bbox 1413 4627 1443 4676; x_wconf 87' lang='lat'><strong>18</strong></span> <span class='ocrx_word' id='word_1_340' title='bbox 1457 4630 1493 4691; x_wconf 92' lang='lat' dir='ltr'><strong>(p.</strong></span> <span class='ocrx_word' id='word_1_341' title='bbox 1505 4629 1574 4690; x_wconf 82' lang='lat'>405).</span> 
     </span>
     <span class='ocr_line' id='line_1_33' title="bbox 375 4707 1736 4775; baseline -0.001 -16"><span class='ocrx_word' id='word_1_342' title='bbox 375 4707 383 4736; x_wconf 84' lang='lat'><strong>⁴</strong></span> <span class='ocrx_word' id='word_1_343' title='bbox 400 4709 471 4760; x_wconf 89' lang='lat' dir='ltr'><strong>Com.</strong></span> <span class='ocrx_word' id='word_1_344' title='bbox 484 4709 521 4758; x_wconf 89' lang='lat' dir='ltr'><strong>Pii</strong></span> <span class='ocrx_word' id='word_1_345' title='bbox 536 4723 557 4760; x_wconf 84' lang='lat'><strong>2.</strong></span> <span class='ocrx_word' id='word_1_346' title='bbox 569 4709 612 4759; x_wconf 91' lang='lat' dir='ltr'><strong>lib.</strong></span> <span class='ocrx_word' id='word_1_347' title='bbox 628 4722 657 4756; x_wconf 82' lang='grc' dir='ltr'><strong>ιο</strong></span> <span class='ocrx_word' id='word_1_348' title='bbox 669 4712 705 4775; x_wconf 91' lang='lat' dir='ltr'><strong>(p.</strong></span> <span class='ocrx_word' id='word_1_349' title='bbox 718 4710 785 4773; x_wconf 71' lang='lat'>459).</span> <span class='ocrx_word' id='word_1_350' title='bbox 869 4708 879 4738; x_wconf 78' lang='lat'>⁶</span> <span class='ocrx_word' id='word_1_351' title='bbox 898 4709 974 4759; x_wconf 87' lang='lat' dir='ltr'><strong>Hero.</strong></span> <span class='ocrx_word' id='word_1_352' title='bbox 986 4708 1029 4759; x_wconf 93' lang='lat' dir='ltr'><strong>lib.</strong></span> <span class='ocrx_word' id='word_1_353' title='bbox 1044 4721 1073 4770; x_wconf 76' lang='lat'><strong>53</strong></span> <span class='ocrx_word' id='word_1_354' title='bbox 1091 4709 1174 4773; x_wconf 83' lang='lat' dir='ltr'><strong>Sigon.</strong></span> <span class='ocrx_word' id='word_1_355' title='bbox 1185 4708 1217 4758; x_wconf 87' lang='lat' dir='ltr'><strong>de</strong></span> <span class='ocrx_word' id='word_1_356' title='bbox 1228 4708 1289 4770; x_wconf 83' lang='lat' dir='ltr'><strong>Reg.</strong></span> <span class='ocrx_word' id='word_1_357' title='bbox 1302 4707 1359 4756; x_wconf 86' lang='lat' dir='ltr'><strong>Ital.</strong></span> <span class='ocrx_word' id='word_1_358' title='bbox 1372 4721 1409 4770; x_wconf 86' lang='lat'><strong>14.</strong></span> <span class='ocrx_word' id='word_1_359' title='bbox 1493 4709 1503 4737; x_wconf 79' lang='lat'>⁶</span> <span class='ocrx_word' id='word_1_360' title='bbox 1519 4709 1572 4759; x_wconf 89' lang='lat' dir='ltr'><strong>Cic.</strong></span> <span class='ocrx_word' id='word_1_361' title='bbox 1584 4709 1647 4772; x_wconf 90' lang='lat' dir='ltr'><strong>Top.</strong></span> <span class='ocrx_word' id='word_1_362' title='bbox 1663 4723 1683 4757; x_wconf 90' lang='lat' dir='ltr'><strong>c.</strong></span> <span class='ocrx_word' id='word_1_363' title='bbox 1700 4723 1736 4758; x_wconf 86' lang='lat' dir='ltr'><strong>ro.</strong></span> 
     </span>
     <span class='ocr_line' id='line_1_34' title="bbox 606 4789 1508 4853; baseline -0.003 -13"><span class='ocrx_word' id='word_1_364' title='bbox 606 4791 616 4820; x_wconf 68' lang='lat' dir='ltr'><strong>l</strong></span> <span class='ocrx_word' id='word_1_365' title='bbox 631 4791 648 4840; x_wconf 92' lang='lat' dir='ltr'><strong>l.</strong></span> <span class='ocrx_word' id='word_1_366' title='bbox 662 4807 683 4842; x_wconf 90' lang='lat'><strong>1.</strong></span> <span class='ocrx_word' id='word_1_367' title='bbox 695 4792 716 4841; x_wconf 92' lang='lat' dir='ltr'><strong>si</strong></span> <span class='ocrx_word' id='word_1_368' title='bbox 728 4799 792 4842; x_wconf 90' lang='lat' dir='ltr'><strong>nent.</strong></span> <span class='ocrx_word' id='word_1_369' title='bbox 805 4807 871 4843; x_wconf 89' lang='lat' dir='ltr'><strong>nom.</strong></span> <span class='ocrx_word' id='word_1_370' title='bbox 884 4791 943 4839; x_wconf 92' lang='lat' dir='ltr'><strong>mul.</strong></span> <span class='ocrx_word' id='word_1_371' title='bbox 957 4791 1001 4852; x_wconf 74' lang='lat' dir='ltr'><strong>(D.</strong></span> <span class='ocrx_word' id='word_1_372' title='bbox 1017 4805 1054 4853; x_wconf 87' lang='lat'><strong>25.</strong></span> <span class='ocrx_word' id='word_1_373' title='bbox 1067 4793 1102 4852; x_wconf 85' lang='lat'><strong>5).</strong></span> <span class='ocrx_word' id='word_1_374' title='bbox 1247 4791 1257 4820; x_wconf 81' lang='lat'><strong>¹</strong></span> <span class='ocrx_word' id='word_1_375' title='bbox 1275 4791 1375 4839; x_wconf 89' lang='lat' dir='ltr'><strong>Conest.</strong></span> <span class='ocrx_word' id='word_1_376' title='bbox 1390 4804 1411 4852; x_wconf 79' lang='lat'><strong>3.</strong></span> <span class='ocrx_word' id='word_1_377' title='bbox 1424 4789 1508 4842; x_wconf 80' lang='lat' dir='ltr'><strong>Lusar.</strong></span> 
     </span>
    </p>
   </div>
   <div class='ocr_carea' id='block_1_4' title="bbox 950 4956 1753 4968">
    <p class='ocr_par' dir='ltr' id='par_1_4' title="bbox 950 4956 1753 4968">
     <span class='ocr_line' id='line_1_35' title="bbox 950 4956 1753 4968; baseline -0.001 -5"><span class='ocrx_word' id='word_1_378' title='bbox 950 4957 1157 4964; x_wconf 67' lang='lat'><strong>..—-..-—.-.-.-</strong></span> <span class='ocrx_word' id='word_1_379' title='bbox 1169 4956 1581 4965; x_wconf 47' lang='lat' dir='ltr'><strong>c---———--—.-—--.....⁴....-</strong></span> <span class='ocrx_word' id='word_1_380' title='bbox 1602 4959 1753 4968; x_wconf 53' lang='grc' dir='ltr'>...Μ-</span> 
     </span>
    </p>
   </div>
   <div class='ocr_carea' id='block_1_5' title="bbox 0 0 2239 5566">
    <p class='ocr_par' dir='ltr' id='par_1_5' title="bbox 0 0 2239 5566">
     <span class='ocr_line' id='line_1_36' title="bbox 0 0 2239 5566; baseline 0 0"><span class='ocrx_word' id='word_1_381' title='bbox 0 0 2239 5566; x_wconf 95' lang='lat' dir='ltr'><strong> </strong></span> 
     </span>
    </p>
   </div>
  </div>
 </body>
</html>
