4456 5566
456 679 499 749 54
945 675 1148 730 ALBERICI
1176 675 1376 730 GENTILIS

458 935 537 980 uero
559 916 712 999 loquatur
729 916 941 1000 Pomponius.
972 917 1061 999 quod
1086 926 1120 980 et
1143 917 1243 980 uerba
1262 917 1363 998 ipsius
1381 917 1570 995 ostendunt,
1593 921 1720 999 ‘neque
1742 917 1858 983 foedus

458 1028 647 1091 ‘amicitiae
673 1047 771 1092 causa
797 1027 920 1092 factum
946 1024 1127 1091 habemus’
1172 1025 1306 1091 Scilicet
1329 1047 1396 1091 non
1418 1027 1461 1090 sit
1484 1028 1572 1107 satis,
1595 1027 1711 1094 foedus
1733 1029 1857 1095 factum

459 1139 520 1202 nisi
539 1148 573 1202 ct
591 1140 634 1203 sit
652 1138 776 1204 facturn
795 1138 960 1203 amicitiae
978 1157 1085 1202 causa.
1140 1139 1185 1202 Et
1203 1139 1249 1202 ita
1267 1157 1342 1202 cum
1362 1138 1546 1222 Pomponio
1563 1140 1677 1222 accipe
1695 1141 1751 1204 illa
1768 1145 1858 1224 apud

461 1250 605 1326 Festum,
619 1250 722 1315 ‘Cum
739 1250 869 1333 populis
885 1249 1004 1326 liberis,
1020 1258 1053 1313 et
1068 1245 1327 1328 confoederatis,’
1343 1269 1410 1313 non
1425 1259 1539 1314 tamen
1554 1251 1719 1315 amicitiae
1734 1273 1858 1331 caussa,

459 1365 516 1426 ‘et
540 1381 614 1426 cum
633 1362 773 1444 regibus,
796 1360 1034 1444 postliminium
1057 1361 1153 1424 uobis
1175 1369 1233 1438 est,
1250 1361 1297 1423 uti
1321 1381 1395 1424 curn
1414 1359 1584 1425 hostibus.'
1627 1361 1743 1446 Atque
1760 1363 1858 1429 huius

459 1473 762 1551 confoederationis,
778 1493 863 1554 quae
880 1472 983 1535 habet
1002 1481 1132 1536 tantum
1154 1473 1371 1535 cessationem
1390 1491 1566 1551 armorum,
1582 1474 1738 1557 exempla
1758 1474 1857 1540 hodie

459 1583 554 1648 nobis
572 1603 647 1648 cum
663 1584 781 1648 Turcis
799 1592 885 1648 sunt.
930 1582 986 1648 Sic
1002 1582 1116 1646 domui
1132 1580 1329 1647 Austriacae
1348 1591 1382 1647 et
1400 1583 1483 1662 aliis,
1499 1593 1536 1648 ut
1555 1584 1642 1650 bella
1660 1586 1856 1665 desinerent,

458 1706 491 1760 et
507 1696 639 1779 publica
654 1697 820 1778 quaedam
836 1704 923 1759 esset
938 1715 1016 1778 pax,
1032 1703 1066 1758 et
1081 1694 1220 1758 cessatio
1235 1695 1278 1758 ab
1293 1694 1393 1758 armis
1408 1695 1472 1758 illis
1491 1695 1592 1774 iustis,
1608 1696 1639 1760 id
1657 1706 1707 1760 est
1722 1697 1855 1762 bellicis.

459 1818 603 1872 ceterum
627 1809 654 1870 si
675 1808 731 1889 qui
752 1806 861 1870 Turca
882 1807 925 1870 ad
949 1825 1010 1868 nos
1032 1805 1243 1887 peruenisset,
1262 1815 1320 1870 aut
1343 1806 1428 1870 inter
1449 1807 1718 1889 depopulandum
1742 1818 1858 1891 captus

459 1918 581 1996 fuisset,
598 1919 625 1981 is
644 1938 757 1982 seruus
775 1917 827 1982 sit.
872 1916 919 1980 Et
937 1925 1060 1993 contra,
1075 1915 1103 1979 si
1120 1915 1325 1980 Christianus
1340 1917 1382 1980 ad
1400 1916 1472 1981 illos
1491 1917 1700 1999 peruenisset.
1746 1920 1792 1983 Et
1811 1920 1856 1984 sic

458 2030 625 2113 impetrari
649 2029 731 2093 fides
753 2029 886 2112 publica
907 2027 1092 2092 securitatis
1114 2027 1266 2109 utrinque
1287 2026 1382 2092 solet.
1427 2028 1464 2094 Si
1482 2029 1538 2110 qui
1561 2040 1709 2093 nostrum
1731 2030 1856 2112 ingredi

458 2162 571 2204 eorum
590 2141 680 2218 linea,
697 2150 754 2204 aut
769 2139 888 2223 aliquis
904 2158 1017 2203 eorum
1036 2139 1162 2220 ingredi
1181 2148 1310 2203 nostros
1328 2139 1417 2213 uelit,
1434 2139 1590 2222 exempla
1607 2140 1687 2205 olim
1705 2142 1857 2206 extitisse

458 2272 525 2316 non
547 2252 664 2316 dubito
688 2252 849 2316 Romanis
871 2271 946 2315 cum
970 2250 1154 2327 Germanis,
1173 2261 1207 2314 et
1230 2248 1368 2324 Parthis,
1389 2259 1423 2314 et
1446 2250 1623 2316 Lusitanis.
1669 2252 1756 2336 Quia
1779 2275 1856 2318 uero

458 2364 538 2428 illud
558 2363 686 2429 Proculi
705 2364 840 2427 solenne
859 2372 948 2426 erat:
981 2362 1122 2445 ideoque
1140 2361 1292 2443 generale
1309 2371 1408 2444 caput
1426 2363 1526 2426 initiis
1544 2362 1714 2427 foederum
1733 2366 1855 2448 apponi

458 2485 680 2553 consueuerat,
697 2475 883 2539 AMICITIA
905 2485 1015 2537 ESTO:
1047 2471 1398 2556 propterea-Proculus
1419 2493 1479 2537 nec
1498 2474 1660 2556 expressit
1678 2475 1722 2539 ad
1742 2475 1855 2540 foede-

458 2598 548 2652 ratos
559 2587 578 2652 ¹.
623 2586 674 2651 At
697 2586 907 2669 Pomponius,
927 2604 969 2648 ne
988 2582 1088 2648 uerba
1106 2604 1165 2647 sua
1183 2584 1226 2647 de
1246 2583 1377 2648 foedere
1395 2584 1520 2648 solenni
1539 2594 1741 2668 caperentur,
1759 2587 1793 2650 id
1811 2588 1855 2650 de

459 2719 524 2762 nou
558 2697 704 2762 amicitia
740 2697 925 2779 exprimere
959 2694 1084 2758 habuit.
1131 2693 1298 2759 Uidelicet
1328 2703 1361 2758 et
1391 2695 1438 2758 sic
1468 2696 1539 2759 sine
1569 2697 1714 2760 amicitia
1744 2706 1854 2762 essent

457 2810 637 2893 aliquando
655 2809 798 2883 foedera,
814 2816 872 2871 aut
890 2827 947 2870 cur
961 2807 1007 2870 sic
1025 2806 1133 2870 dicere
1152 2804 1308 2869 uoluisset
1326 2805 1593 2871 iurisconsultus?
1638 2807 1685 2871 Et
1704 2810 1747 2872 de
1762 2808 1855 2871 iuris-

457 2921 614 2987 consultis
640 2921 691 2984 his
717 2920 884 2984 hactenus.
948 2917 1001 2980 De
1028 2938 1062 2980 re
1087 2917 1159 2999 ipsa
1184 2917 1234 2981 sic
1261 2918 1526 3000 respondendum
1557 2919 1696 2983 uidetur.
1733 2940 1806 2984 esse
1834 2940 1856 2983 a

457 3033 584 3097 ratione
601 3042 774 3107 remotum,
790 3041 827 3094 ut
845 3030 878 3093 in
897 3029 1028 3112 publica
1046 3047 1127 3110 pace
1150 3029 1192 3092 sit
1214 3028 1350 3111 priuatis
1368 3028 1492 3091 iniuriis
1508 3028 1609 3094 locus.
1655 3030 1701 3094 Et
1719 3030 1853 3112 quidem

456 3145 661 3234 barbaricam
682 3143 846 3207 feritatem
866 3141 980 3205 dicunt
1001 3139 1099 3222 leges,
1118 3149 1151 3203 et
1170 3139 1330 3217 iniuriam,
1349 3148 1385 3203 ut
1403 3139 1484 3203 citra
1504 3139 1629 3203 bellum
1647 3141 1720 3222 quis
1741 3161 1855 3205 seruus

457 3257 515 3320 fiat
525 3256 547 3322 ².
592 3256 638 3319 Et
661 3257 773 3337 itaque
797 3273 863 3317 non
886 3261 1055 3335 receptum
1078 3259 1194 3333 postea
1216 3251 1259 3314 sit
1277 3251 1327 3314 ius
1347 3247 1398 3336 (ut
1417 3252 1565 3315 Bodinus
1583 3249 1699 3337 tradit)
1721 3261 1856 3334 propter

456 3368 547 3432 illam
565 3387 651 3450 quae
673 3365 797 3430 homini
819 3385 894 3428 cum
918 3362 1052 3429 homine
1077 3362 1247 3426 intercedit
1273 3362 1488 3426 humanitatis
1515 3363 1676 3426 rationem
1686 3361 1708 3427 ³.
1754 3363 1853 3446 Quod

456 3489 568 3544 tamen
590 3480 634 3542 de
656 3498 722 3541 non
746 3485 877 3558 recepto
900 3477 968 3538 iure
991 3494 1057 3538 non
1080 3474 1187 3538 uideo.
1234 3472 1300 3539 Sed
1324 3473 1357 3537 id
1382 3482 1432 3537 est
1454 3473 1543 3557 quod
1563 3473 1759 3557 quaerimus,
1778 3484 1815 3538 ut
1832 3495 1854 3538 a

457 3600 573 3655 natura
595 3589 719 3654 bellum
742 3609 814 3652 esse
836 3586 962 3651 nullum
987 3587 1177 3650 sentiamus.
1222 3585 1268 3649 Et
1290 3594 1340 3648 est
1362 3582 1429 3648 fere
1446 3605 1467 3648 a
1486 3592 1602 3648 natura
1624 3594 1736 3650 tamen
1760 3585 1853 3649 nobis

456 3721 531 3766 cum
547 3701 672 3776 Turcis‚
689 3708 726 3763 ut
745 3699 879 3764 Graecis
897 3718 972 3763 curn
990 3697 1136 3762 barbaris
1150 3696 1220 3761 fuit.
1266 3696 1352 3761 Cum
1372 3695 1545 3762 Saracenis
1561 3694 1607 3783 (hi
1625 3695 1768 3782 Turcae)
1783 3698 1853 3762 bel·

456 3814 524 3875 lum
540 3812 635 3876 nobis
650 3809 917 3875 irreconciliabile
926 3809 948 3874 ⁴.
979 3829 1055 3874 cum
1070 3808 1142 3873 aliis
1158 3808 1304 3873 externis
1319 3815 1397 3871 sunt
1412 3807 1512 3871 etiam
1530 3809 1747 3873 commercia:
1766 3819 1853 3874 certe

457 3932 596 3986 nonest
619 3920 751 3985 bellum.
811 3922 889 3985 Non
913 3929 964 3984 est
986 3919 1110 3984 bellum
1133 3927 1268 4001 propter
1283 3917 1483 4000 religionem,
1500 3938 1565 3981 non
1587 3939 1609 3983 a
1630 3928 1756 3997 natura,
1777 3939 1852 3984 cum

455 4030 528 4097 aliis
543 4040 577 4095 et
592 4051 699 4114 neque
713 4051 789 4096 cum
805 4031 929 4096 Turcis.
976 4031 1044 4096 Sed
1065 4040 1115 4095 est
1135 4051 1211 4095 cum
1227 4029 1342 4093 'furcis
1360 4027 1503 4094 bellum:
1526 4031 1603 4112 quia
1621 4029 1667 4092 illi
1691 4029 1799 4095 ferunt
1817 4051 1853 4096 se

457 4143 551 4208 nobis
581 4142 702 4219 hostes,
728 4150 762 4204 et
790 4143 886 4206 nobis
916 4142 1119 4206 insidiantur.
1157 4140 1252 4204 nobis
1281 4139 1466 4204 imminent.
1504 4151 1616 4205 nostra
1642 4142 1774 4224 rapiunt
1796 4161 1856 4225 per

455 4275 589 4320 ornnem
614 4251 796 4337 perfidiam,
819 4274 921 4337 quum
944 4263 1091 4335 possunt,
1114 4272 1251 4334 semper.
1298 4251 1353 4317 Sic
1376 4252 1463 4316 iusta
1484 4272 1616 4335 semper
1636 4273 1750 4318 caussa
1773 4251 1852 4316 belli

454 4489 461 4518 ¹
480 4487 555 4538 Briss.
567 4506 590 4550 4.
602 4489 631 4537 de
643 4485 727 4536 Form.
764 4483 807 4534 ¹.I
818 4485 864 4535 ult
875 4485 906 4536 C.
917 4483 949 4534 de
960 4489 1022 4547 post.
1035 4483 1071 4548 (8.
1085 4486 1125 4547 51)
1133 4502 1140 4543 ;
1152 4485 1169 4536 I
1184 4499 1213 4550 19
1224 4485 1259 4537 D.
1270 4485 1302 4536 de
1313 4492 1378 4552 capt.
1387 4487 1433 4550 (D.
1442 4501 1482 4553 45.
1494 4491 1542 4551 15).
1575 4487 1585 4517 ¹
1602 4486 1663 4536 Bod.
1678 4499 1699 4536 1.
1710 4487 1743 4538 de
1753 4487 1816 4553 Rep.
1831 4503 1852 4550 7.

845 4569 854 4596 ⁴
871 4567 944 4618 Alex.
958 4577 980 4632 7.
992 4583 1060 4618 cons.
1076 4582 1139 4631 13o;
1157 4568 1241 4620 Cuiac.
1254 4585 1276 4619 c.
1291 4584 1329 4621 ιι.
1340 4571 1371 4621 de
1382 4572 1461 4624 Teati.
