4456 5566
471 713 514 780 30
956 703 1159 756 ALBERICI
1188 701 1388 755 GENTILIS

469 947 595 1010 iuratur
620 947 662 1011 de
687 947 860 1012 calumnia.
917 948 984 1012 Cur
1009 949 1105 1012 aliter
1130 947 1316 1012 censebitur
1338 947 1371 1011 in
1398 947 1460 1011 hac
1487 947 1736 1031 disceptatione,
1754 955 1789 1009 et
1812 943 1870 1008 lite

469 1056 658 1122 armorum?
719 1059 845 1141 Utique
870 1058 1033 1138 Bartolus,
1060 1059 1192 1136 Baldus‚
1214 1059 1270 1122 alii
1295 1059 1338 1123 ab
1365 1059 1421 1123 illa
1446 1059 1561 1123 inermi
1588 1059 1800 1123 contentione
1825 1057 1869 1119 ad

470 1169 570 1234 istam
596 1179 767 1248 armatam,
793 1179 827 1233 et
852 1171 895 1234 ad
922 1171 1070 1234 duellum
1095 1170 1396 1252 argumentantur¹.
1441 1171 1541 1235 Latet
1564 1190 1640 1234 ecce
1667 1171 1699 1232 in
1725 1167 1870 1232 tenebris

470 1279 615 1362 aliquid:
645 1290 680 1344 et
702 1301 762 1345 nec
788 1282 991 1360 discernitur,
1010 1281 1090 1344 Titii
1117 1301 1159 1344 an
1180 1282 1231 1360 sit,
1250 1281 1303 1344 uel
1328 1280 1523 1363 Sempronii.
1569 1281 1615 1344 Et
1636 1301 1711 1344 cum
1731 1288 1871 1360 uterque

469 1390 552 1455 illud
573 1393 618 1456 ad
640 1409 676 1456 se
697 1391 835 1469 trahere,
852 1391 947 1457 alteri
972 1401 1108 1457 conatur
1129 1393 1267 1475 quisque
1289 1392 1503 1456 abstrahere:
1534 1402 1570 1455 tu
1592 1412 1706 1455 eorum
1728 1389 1868 1454 alterum

470 1501 649 1567 iniustitiae
678 1501 936 1567 condemnabis?
991 1501 1053 1566 Ait
1080 1503 1213 1579 Baldus‚
1237 1505 1326 1586 quod
1353 1513 1403 1567 est
1431 1503 1743 1579 manifestissimum,
1766 1499 1870 1564 nerni-

470 1634 547 1677 nern
563 1614 684 1678 debere
705 1615 754 1678 ius
770 1636 865 1680 suum
881 1615 1097 1679 indiscussum
1114 1614 1314 1697 relinquere:
1336 1623 1371 1678 at
1387 1616 1546 1679 tentanda
1561 1634 1641 1692 esse,
1653 1631 1869 1695 quaecunque

469 1726 589 1790 tentari
612 1724 782 1808 possuntt
827 1725 921 1808 Apte
945 1726 1061 1791 Cicero
1083 1746 1143 1808 pro
1165 1725 1313 1809 partibus
1335 1727 1490 1808 utrisque,
1511 1725 1645 1789 Iulianis
1663 1733 1697 1787 et
1715 1723 1869 1806 Pompei·

468 1837 548 1914 anis,
576 1837 676 1900 ‘Erat
702 1837 884 1901 obscuritas
910 1837 1084 1919 quaedam,
1110 1845 1180 1900 erat
1210 1847 1376 1902 certamen
1405 1837 1492 1902 inter
1521 1835 1717 1901 clarissimos
1747 1835 1867 1899 duces:

469 1947 588 2011 ‘multi
606 1947 814 2024 dubitabant,
830 1947 910 2030 quid
928 1948 1092 2030 optimum
1110 1956 1217 2013 esset:
1242 1948 1345 2026 multi,
1360 1948 1439 2030 quid
1459 1948 1520 2012 sibi
1539 1947 1730 2029 expediret:
1763 1944 1868 2024 multi,

470 2059 572 2140 ‘quid
588 2059 739 2122 deceret:
763 2059 911 2123 nonnulli
927 2059 1036 2134 etiam,
1052 2059 1133 2142 quid
1148 2060 1259 2123 liceret
1270 2059 1301 2124 ³.'
1345 2059 1391 2124 Et
1406 2059 1487 2123 haec
1503 2079 1610 2141 neque
1626 2077 1727 2141 parua
1743 2066 1794 2120 est
1809 2057 1867 2121 ob·

468 2171 614 2248 scuritas,
637 2170 665 2232 si
691 2169 772 2234 utile
798 2190 874 2234 curn
898 2169 1039 2234 honesto
1065 2181 1198 2254 pugnet,
1222 2170 1302 2255 quid
1333 2191 1394 2235 nos
1424 2171 1516 2252 sequi
1547 2178 1710 2252 oporteat.
1765 2167 1868 2233 Adde

467 2279 520 2343 his
542 2281 598 2343 illa
621 2279 735 2345 Seueri
759 2291 873 2346 contra
894 2280 1067 2361 Albinum,
1085 2282 1188 2348 ‘Cum
1210 2282 1336 2346 bellum
1354 2282 1510 2345 aduersus
1533 2282 1675 2363 Nigrum
1697 2281 1868 2362 gessimus,

469 2394 558 2455 ‘non
580 2391 626 2456 ita
648 2412 729 2456 sane
749 2394 914 2476 speciosas
940 2394 1182 2458 inimicitiarum
1206 2415 1338 2458 caussas
1366 2393 1590 2457 habebamus:
1622 2411 1699 2455 narn
1722 2391 1867 2472 positum

468 2501 525 2566 ‘in
547 2503 656 2567 medio
677 2504 906 2587 principatum,
924 2513 1024 2586 atque
1046 2503 1155 2568 adhuc
1178 2505 1210 2566 in
1234 2506 1474 2588 disceptatione
1497 2513 1683 2568 uersantem
1707 2503 1778 2585 pari
1798 2523 1868 2566 am-

467 2613 561 2678 ‘bitu
580 2623 718 2697 uterque
738 2624 885 2678 nostrum
903 2617 946 2679 ad
964 2636 1001 2679 se
1019 2613 1194 2694 trahebat‚'
1212 2615 1295 2681 etc.⁴

510 2724 616 2789 Addo
646 2726 721 2790 illos
750 2725 804 2790 hic
833 2746 936 2804 casus,
959 2748 1060 2809 quum
1086 2727 1191 2805 sociis,
1214 2729 1336 2807 amicis,
1359 2726 1619 2810 consanguineis,
1641 2726 1764 2804 uicinis,
1787 2726 1867 2804 aliis,

467 2834 587 2918 quibus
618 2837 692 2918 quis
728 2835 889 2901 auxilium
922 2837 1005 2912 ferre
1034 2847 1184 2902 tenetur:
1219 2848 1253 2902 et
1278 2860 1380 2921 quum
1406 2838 1470 2902 fert
1498 2847 1610 2902 tamen
1641 2837 1868 2920 prouocauerit

467 2968 559 3012 arma
588 2947 723 3012 alterius
745 2948 920 3012 aduersum
943 2970 979 3013 se
1002 2950 1094 3028 iuste,
1122 2952 1297 3014 aduersum
1320 2971 1418 3033 quem
1442 2950 1517 3014 tulit
1540 2951 1610 3033 ipse
1632 2969 1701 3012 sua.
1747 2948 1803 3012 Sic
1825 2950 1868 3011 de

470 3058 634 3124 Ceritibus
664 3058 786 3137 Liuius,
813 3061 903 3141 quod
936 3060 1157 3125 misericordia
1182 3061 1473 3144 consanguinitatis
1503 3059 1797 3143 Tarquiniensibus
1831 3079 1867 3122 se

467 3179 582 3235 contra
607 3170 779 3234 Romanos
798 3171 1010 3235 adiunxerint
1021 3195 1031 3247 3
1056 3180 1099 3249 et,
1119 3181 1156 3237 ut
1175 3171 1302 3255 legatos
1323 3173 1468 3255 ipsorum
1485 3172 1634 3236 Ceritum
1654 3171 1732 3235 facit
1750 3171 1866 3249 dicere,

468 3300 533 3345 non
549 3281 694 3362 consilio,
706 3282 765 3345 sed
778 3283 819 3360 ui,
831 3291 931 3364 atque
947 3283 1142 3347 necessitate
1151 3282 1174 3347 ⁵.
1208 3283 1254 3347 Et
1272 3282 1335 3347 hoc
1349 3285 1481 3347 tertium
1498 3283 1667 3365 quoddam
1684 3283 1745 3348 erit
1760 3291 1867 3365 caput,

466 3413 567 3475 quum
586 3414 631 3457 ex
645 3413 711 3458 una
728 3403 823 3476 parte
839 3392 964 3456 bellum
981 3394 1103 3458 iustum
1119 3404 1178 3473 est,
1194 3415 1238 3457 ex
1258 3395 1362 3459 altera
1384 3395 1484 3458 etiam
1505 3393 1620 3458 iustius
1634 3395 1723 3476 quod
1744 3393 1868 3458 scilicet

467 3525 538 3568 esse
553 3512 672 3587 potest,
689 3514 723 3568 et
738 3524 798 3569 nec
816 3504 938 3568 desinit
956 3525 1058 3569 unum
1074 3525 1146 3570 esse
1161 3507 1292 3584 iustum,
1307 3506 1384 3570 licet
1399 3505 1441 3569 sit
1456 3505 1596 3570 alterum
1615 3505 1721 3587 magis
1735 3504 1867 3568 iustum.

466 3615 644 3700 Recipiunt
667 3616 755 3680 enim
777 3615 915 3681 uirtutes
938 3617 1052 3699 magis,
1076 3627 1109 3682 et
1132 3618 1240 3681 minus
1251 3618 1272 3682 ⁶.
1319 3616 1364 3683 Et
1389 3618 1518 3681 uirtutis
1547 3618 1693 3681 medium
1722 3616 1867 3699 aliquam

465 3726 567 3791 habet
589 3726 807 3806 latitudinem,
831 3749 897 3791 non
919 3727 952 3791 in
973 3739 1095 3811 puncto
1118 3737 1274 3792 uersatur.
1324 3727 1521 3810 Aspergam,
1542 3738 1576 3792 et
1595 3728 1763 3792 adnotabo
1785 3727 1868 3791 alios

466 3840 622 3922 deinceps
638 3859 740 3916 casus,
756 3848 790 3902 et
805 3859 920 3902 causas
936 3839 1026 3904 alias.

492 3981 499 3990 ·
512 3949 704 4014 Certissima
715 3958 826 4012 autem
839 3948 918 4012 mihi
930 3949 1011 4014 haec
1021 3949 1152 4013 uidetur
1164 3950 1240 4013 iuris
1253 3951 1354 4014 nostri
1367 3952 1546 4015 sententia:
1562 3951 1650 4033 quod
1663 3951 1777 4016 tribuit
1788 3949 1867 4013 belli

466 4060 536 4124 iura
554 4059 724 4142 utrinque:
755 4069 853 4142 capta
872 4058 951 4123 iacit
969 4061 1122 4142 utrinque
1142 4060 1362 4143 capientium:
1394 4071 1427 4126 et
1445 4061 1597 4144 utrinque
1619 4071 1734 4144 captos
1757 4079 1868 4126 sentos

466 4171 577 4236 habet.
622 4169 657 4233 A
672 4191 737 4253 quo
754 4171 821 4233 iure
836 4171 917 4234 dum
935 4191 971 4234 se
988 4172 1151 4236 extricare
1169 4171 1283 4254 reliqui
1303 4181 1417 4236 contra
1436 4172 1629 4255 Fulgosium
1648 4173 1867 4249 connituntur,

466 4282 631 4345 insaniunt
652 4280 741 4346 haud
764 4280 863 4345 dubie
886 4283 1037 4347 suauiter.
1083 4282 1132 4347 Ut
1154 4292 1323 4346 ostensum
1344 4283 1387 4346 ab
1405 4283 1540 4348 Alciato
1565 4295 1624 4362 est,
1642 4283 1698 4366 qui
1721 4293 1755 4348 et
1775 4283 1866 4346 illam

498 4536 506 4567 ¹
519 4535 576 4586 Ale.
587 4535 604 4585 l.
617 4549 641 4598 5.
652 4532 684 4584 de
696 4532 752 4582 inst.
764 4533 809 4596 (D.
826 4547 847 4585 1.
859 4535 883 4598 1)
893 4541 918 4584 et
930 4547 952 4596 5.
965 4549 1033 4585 cons.
1045 4533 1085 4596 63.
1162 4532 1172 4562 ¹
1184 4533 1238 4584 1321.
1253 4547 1274 4581 1.
1284 4549 1353 4584 cons.
1367 4534 1423 4598 326,
1489 4535 1563 4585 ¹Cic.
1575 4551 1622 4600 pro
1634 4535 1747 4587 Marcell.
1759 4551 1780 4585 e.
1795 4549 1832 4584 ιο.

580 4619 589 4648 ⁴
607 4631 630 4682 3.
644 4615 763 4667 Herodis.
776 4631 797 4666 e.
811 4618 849 4666 18.
1018 4616 1028 4645 ⁵
1044 4615 1099 4666 Liu.
1112 4615 1156 4667 lib.
1170 4627 1191 4680 7.
1204 4632 1226 4665 e.
1241 4630 1279 4665 ao.
1423 4615 1433 4645 ⁸
1449 4616 1516 4667 Pice.
1528 4631 1553 4682 9.
1566 4617 1622 4667 Ciu.
1633 4616 1698 4667 Phil.
1711 4631 1751 4680 53.
