4456 5566
730 693 790 750 DE
820 693 923 750 IURE
952 693 1086 763 BELLI,
1119 693 1244 760 Liar,
1277 693 1363 748 CAP.
1387 693 1458 748 XII.
1750 699 1792 772 53

399 956 486 1001 unus.
542 933 608 999 ‘Et
637 935 723 1000 inter
752 933 959 1018 Babylonem
992 944 1026 998 et
1058 933 1267 1000 Hierusalem
1295 936 1386 1000 nulla
1412 957 1480 1020 pax
1510 947 1568 1016 est,
1591 937 1648 1001 sed
1676 958 1794 1020 guerra

398 1047 604 1112 ‘continua2’
635 1057 671 1111 ut
696 1045 881 1110 Bernardus
907 1045 954 1109 ait
963 1044 984 1110 ¹.
1030 1045 1067 1110 Si
1085 1067 1162 1110 uere
1184 1067 1317 1112 caussae
1340 1058 1450 1112 essent
1472 1069 1492 1112 a
1515 1058 1639 1127 natura,
1658 1051 1794 1114 omnino

397 1160 516 1222 iustum
535 1168 568 1222 et
586 1157 709 1223 bellum
726 1179 769 1222 ex
785 1159 863 1242 ipsis
879 1167 974 1222 esset.
1020 1156 1088 1222 Sed
1105 1179 1171 1222 non
1187 1169 1264 1223 sunt
1278 1159 1467 1224 huiusmodi
1483 1181 1626 1225 caussae.
1665 1161 1794 1225 Natura

398 1269 544 1334 homines
566 1271 652 1334 inter
672 1291 709 1334 se
731 1269 852 1334 inimici
875 1290 942 1333 non
964 1267 1071 1333 sunti.
1117 1269 1184 1335 Sed
1207 1272 1362 1350 actiones,
1386 1280 1420 1335 et
1443 1291 1559 1350 mores,
1579 1273 1650 1335 siue
1672 1272 1794 1335 similes

398 1383 463 1446 siue
478 1380 662 1460 dissimiles,
677 1382 710 1446 in
727 1383 935 1446 concordiam
952 1382 1005 1445 uel
1021 1382 1220 1445 discordiam
1240 1403 1300 1447 nos
1318 1383 1485 1448 inducunt.
1535 1383 1668 1462 Dicunt,
1687 1404 1794 1466 neque

397 1495 518 1558 amicos
541 1504 666 1557 natura.
696 1513 796 1577 quam
819 1501 946 1575 partem
970 1512 1032 1575 ego
1055 1513 1121 1556 non
1144 1513 1270 1576 sequor.
1315 1493 1387 1559 Nec
1414 1494 1513 1576 igitur
1535 1496 1620 1558 iuste
1651 1495 1793 1576 Hispani

398 1614 452 1668 aut
478 1604 563 1668 hanc
592 1624 752 1683 caussam,
776 1614 833 1668 aut
859 1603 949 1667 illam
979 1603 1144 1685 religionis
1173 1603 1394 1669 obtenderunt
1422 1605 1511 1670 bello
1538 1606 1653 1670 Indico
1663 1605 1685 1667 ³.
1727 1627 1794 1669 non

397 1716 525 1779 barbari
548 1725 661 1780 contra
684 1715 837 1794 Graecos,
860 1735 926 1779 non
950 1713 1066 1779 Graeci
1082 1725 1196 1780 contra
1210 1716 1376 1780 barbaros.
1422 1717 1494 1780 Nisi
1510 1718 1588 1798 quia
1607 1727 1640 1781 et
1660 1715 1794 1780 Graecis

398 1839 429 1891 et
446 1827 592 1891 barbaris
608 1837 679 1890 tum
695 1837 864 1910 receptum
880 1835 1049 1909 praeterea
1064 1836 1101 1890 ut
1116 1825 1228 1891 hostes
1245 1836 1362 1893 essent.
1408 1827 1503 1911 Quae
1518 1826 1584 1891 alia
1604 1847 1719 1892 caussa
1734 1836 1794 1892 est.

400 1937 443 2002 Et
472 1937 557 2002 sorte
583 1947 696 2003 tamen
722 1958 743 2002 a
769 1947 886 2002 natura
912 1959 978 2002 non
1008 1937 1190 2021 longeest.
1228 1958 1305 2002 nam
1330 1938 1373 2002 ab
1398 1939 1594 2003 educatione
1620 1947 1679 2016 est,
1708 1957 1795 2021 quae

398 2047 499 2114 altera
514 2059 631 2113 natura
646 2057 705 2114 est.

437 2159 554 2244 Atque
579 2162 626 2225 ita
642 2161 725 2225 haec
746 2170 833 2226 sunt.
879 2161 924 2224 Et
943 2160 1031 2224 dixit
1054 2181 1133 2243 ergo
1151 2160 1361 2243 Pomponius,
1380 2182 1446 2227 non
1470 2183 1543 2226 eam
1563 2171 1698 2244 gentem
1721 2181 1794 2225 esse

399 2274 489 2337 nobis
514 2271 655 2350 hostem,
679 2293 754 2336 cum
779 2293 845 2354 qua
869 2293 975 2354 neque
997 2271 1187 2347 amicitiam,
1212 2293 1319 2356 neque
1341 2273 1530 2356 hospitium,
1549 2291 1656 2356 neque
1678 2273 1795 2336 foedus

398 2384 559 2448 amicitiae
575 2404 690 2448 caussa
706 2383 831 2448 iactum
845 2382 1006 2447 habemus
1016 2382 1038 2448 ⁴.
1067 2383 1134 2448 Hic
1149 2393 1261 2450 tamen
1277 2385 1402 2468 aliquid
1418 2393 1586 2467 praeterea
1600 2385 1689 2462 dicit,
1704 2383 1795 2466 quod

399 2497 595 2560 contrarium
606 2494 658 2558 his
673 2495 735 2560 sit:
759 2493 812 2557 ‘hi
827 2493 940 2559 hostes
955 2493 1089 2577 quidem
1107 2515 1171 2559 non
1187 2495 1281 2574 sunt,'
1293 2497 1354 2560 ait:
1378 2496 1479 2579 ‘quod
1496 2505 1608 2560 autem
1625 2516 1669 2558 ex
1682 2503 1795 2558 nostro

400 2607 463 2671 ‘ad
479 2626 536 2670 eos
556 2607 714 2689 peruenit,
727 2606 856 2669 illorum
875 2605 933 2670 fit:
957 2614 991 2669 et
1010 2606 1091 2670 liber
1104 2605 1206 2670 homo
1225 2616 1345 2686 noster,
1361 2607 1404 2670 ab
1423 2608 1470 2671 eis
1488 2615 1613 2689 captus,
1629 2626 1743 2669 seruus
1758 2604 1796 2669 fit

399 2720 454 2780 ‘et
476 2737 599 2782 eorum.
644 2717 798 2800 idemque
813 2725 864 2780 est
884 2717 911 2779 si
927 2717 970 2780 ab
987 2715 1051 2780 illis
1069 2717 1111 2780 ad
1135 2738 1196 2781 nos
1218 2716 1341 2800 aliquid
1361 2719 1540 2800 perueniat.
1578 2716 1641 2781 hoc
1664 2737 1795 2798 quoque

400 2829 520 2912 ‘igitur
537 2849 614 2893 casu
633 2828 872 2912 postliminium
891 2829 1007 2892 datum
1027 2827 1095 2893 est?
1141 2829 1215 2892 Imo
1237 2838 1324 2894 stare
1346 2829 1428 2894 haec
1449 2829 1548 2893 simul
1569 2827 1626 2912 qui
1650 2837 1797 2910 possunt,

400 2948 435 3003 ut
454 2939 567 3004 hostes
590 2960 655 3004 non
678 2940 752 3018 sint,
774 2949 808 3003 et
834 2941 877 3003 sit
899 2947 1012 3004 tamen
1038 2940 1187 3019 seruitus,
1211 2950 1244 3005 et
1271 2936 1530 3024 postliminium?
1574 2939 1677 3003 Adde
1706 2940 1796 3022 quod

399 3051 507 3115 scribit
528 3051 696 3127 Proculus,
719 3051 815 3114 ‘Non
837 3050 964 3128 dubito,
986 3050 1066 3133 quin
1088 3051 1247 3115 foederati
1271 3060 1305 3116 et
1327 3051 1419 3115 liberi
1446 3052 1541 3116 nobis
1568 3052 1696 3114 externi
1721 3051 1795 3127 sint,

400 3168 486 3225 ‘non
519 3163 605 3227 inter
638 3183 697 3226 nos
730 3170 830 3244 atque
865 3183 921 3226 eos
954 3161 1193 3245 postliminium
1229 3183 1310 3226 esse.
1356 3163 1478 3227 etenim
1509 3163 1589 3245 quid
1622 3162 1708 3226 inter
1736 3181 1796 3225 nos

400 3274 520 3356 ‘atque
551 3294 608 3338 eos
637 3273 841 3356 postliminio
872 3293 957 3356 opus
990 3282 1049 3351 est,
1081 3293 1156 3338 cum
1187 3283 1221 3337 et
1250 3273 1296 3337 illi
1326 3275 1416 3356 apud
1449 3293 1509 3337 nos
1542 3282 1576 3336 et
1609 3273 1796 3337 libertatem

399 3389 513 3449 ‘suam
538 3394 572 3449 et
596 3385 779 3449 dominium
808 3403 915 3448 rerum
943 3404 1074 3448 suarum
1101 3406 1206 3468 aeque
1236 3394 1337 3467 atque
1366 3386 1455 3466 apud
1486 3405 1521 3447 se
1552 3384 1723 3459 retineant,
1762 3393 1796 3446 et

397 3498 536 3561 ‘eadem
560 3497 655 3560 nobis
677 3496 766 3578 apud
790 3516 847 3560 eos
869 3495 1105 3577 contingant⁶.'
1150 3495 1240 3560 Sane
1260 3505 1373 3560 autem
1392 3515 1458 3559 non
1481 3513 1547 3558 una
1566 3502 1712 3558 tentatur
1732 3494 1795 3572 uia,

400 3618 435 3671 ut
460 3609 514 3672 isti
540 3607 759 3672 iurisconsulti
786 3628 852 3671 non
879 3607 1062 3690 pugnantia
1087 3607 1213 3671 dixisse
1237 3606 1413 3670 uideantur
1422 3607 1443 3670 ὅ.
1500 3607 1546 3670 Et
1571 3605 1726 3669 Cuiacius
1755 3625 1796 3668 eo

400 3721 533 3783 tandem
564 3719 707 3796 deuenit,
731 3726 769 3782 ut
798 3718 896 3794 dicat,
921 3717 1114 3782 dissensisse
1138 3717 1426 3782 iurisconsultos⁷.-
1470 3718 1546 3799 Ego
1576 3715 1689 3780 malim
1720 3735 1797 3780 con·

402 3830 542 3895 siderare
572 3830 705 3894 foedera
733 3829 917 3912 dupliciter.
970 3850 1036 3893 uno
1069 3829 1169 3892 modo
1202 3829 1230 3892 si
1263 3829 1310 3893 sic
1347 3829 1551 3893 contrahitur
1583 3848 1659 3892 cum
1696 3836 1797 3911 gente

400 3940 508 4024 aliqua
531 3951 679 4019 externa,
702 3948 739 4004 ut
760 3940 885 4004 bellum
909 3960 984 4005 cum
1012 3961 1051 4004 ea
1077 3960 1145 4004 non
1169 3941 1220 4018 sit,
1242 3947 1301 4003 aut
1325 3949 1362 4004 ut
1388 3940 1521 4005 finiatur
1546 3941 1685 4022 siquod
1711 3959 1797 4004 nunc

401 4062 468 4117 est:
500 4051 582 4116 nihil
606 4062 777 4135 praeterea
801 4051 969 4116 adiectum
995 4061 1055 4130 est,
1079 4072 1145 4115 non
1168 4061 1338 4135 praeterea
1361 4061 1562 4116 conuentum
1586 4054 1629 4117 de
1652 4051 1797 4116 amicitia

402 4171 459 4227 est.
488 4164 594 4229 altero
613 4165 713 4228 modo
732 4184 835 4246 quum
850 4173 1020 4247 praeterea
1038 4172 1072 4227 et
1087 4163 1233 4228 amicitia
1251 4173 1420 4229 contracta
1439 4173 1497 4228 est.
1543 4164 1589 4227 Et
1604 4162 1668 4226 hoc
1686 4174 1797 4245 poste·

402 4275 482 4340 riore
499 4296 576 4341 casu
595 4275 724 4340 locutus
741 4276 785 4340 sit
803 4276 969 4340 Proculus.
1015 4275 1061 4339 Et
1080 4276 1235 4358 exempla
1255 4284 1430 4340 occurrunt
1447 4276 1581 4358 passim.
1628 4274 1667 4337 In
1689 4274 1798 4356 priore

506 4526 515 4556 ¹
532 4525 588 4576 Ber.
599 4541 612 4575 n
626 4526 715 4576 Parab.
732 4541 751 4575 r.
817 4526 827 4555 ²
843 4523 976 4576 Demosth.
987 4525 1044 4574 adu.
1057 4525 1178 4582 Aristoc.;
1190 4526 1261 4575 Proc.
1276 4539 1297 4573 2.
1310 4525 1392 4574 Vand.
1460 4523 1470 4552 ¹
1481 4524 1546 4573 vict.
1558 4523 1653 4573 Relect.
1664 4540 1688 4586 4.
1841 4575 1844 4582 Ι

423 4605 627 4674 ¹1.5.dec2pt.
641 4609 735 4676 (D.49.
751 4610 800 4672 15).
866 4607 909 4660 ⁵1.
923 4619 944 4672 7.
956 4608 988 4658 de
999 4608 1073 4673 Capt.
1139 4606 1431 4668 ‘Cuiac.11.0bs.23.
1497 4605 1719 4656 'CuiaeaObs
1736 4619 1773 4668 ²3·
