4456 5566
679 714 739 768 DE
769 714 871 770 IURE
900 713 1033 782 BELLI,
1064 715 1190 783 LIB.I,
1223 715 1311 772 CAP.
1335 717 1395 771 m.
1696 729 1734 796 19

337 951 500 1034 intelliges
522 951 564 1016 de
583 950 744 1036 hisquae
766 952 800 1015 in
816 951 913 1017 tertio
937 951 1019 1016 libro
1042 953 1182 1018 scribam
1198 955 1241 1019 de
1263 975 1344 1037 pace
1366 955 1474 1020 lutura
1497 956 1735 1024 constituenda.

339 1063 455 1147 ltaque
479 1063 649 1140 concludo,
675 1063 817 1146 quodsi
843 1065 1020 1128 necessitas
1046 1083 1111 1128 non
1138 1065 1251 1144 subsit,
1273 1065 1398 1130 bellum
1427 1087 1499 1132 esse
1525 1067 1648 1132 iustum
1675 1088 1736 1134 nec

337 1176 451 1256 possit.
493 1195 571 1239 nam
594 1195 638 1238 ex
661 1175 856 1238 necessitate
883 1174 1053 1240 inductum
1079 1174 1222 1241 dicitur1.
1269 1175 1468 1242 Uoluntario
1498 1179 1736 1261 compromisso

337 1295 435 1351 antea
456 1297 508 1350 est
530 1286 791 1370 disceptandum,
807 1295 840 1350 et
859 1287 986 1350 ratione
1009 1287 1148 1352 naturali
1158 1285 1178 1366 ⁹,
1194 1287 1315 1352 arbitra
1330 1289 1386 1352 illa
1403 1294 1452 1365 (ut
1470 1289 1578 1373 inquit
1594 1289 1735 1377 Seneca)

337 1399 506 1476 bonorum,
529 1407 630 1481 atque
655 1395 860 1463 malumm³r
887 1398 987 1462 etiam
1009 1407 1042 1462 et
1064 1399 1137 1463 aliis
1159 1400 1348 1480 rationibus,
1370 1421 1456 1484 quae
1478 1410 1579 1466 antea
1601 1411 1737 1466 notatae

337 1477 441 1574 sunt·
466 1509 539 1573 Aut
558 1509 614 1592 qui
630 1509 663 1572 in
679 1508 834 1574 iudicium
858 1509 986 1592 refugit,
1002 1512 1045 1574 de
1065 1511 1188 1575 iustitia
1203 1511 1332 1576 diffidit.
1378 1511 1501 1578 Priuati
1517 1533 1614 1596 porro
1629 1513 1735 1578 homi·

338 1642 403 1700 nes,
419 1631 453 1686 et
468 1621 581 1706 populi
602 1621 735 1700 subditi,
750 1631 784 1685 et
799 1620 965 1704 Principes
985 1621 1153 1686 inferiores
1175 1643 1240 1686 non
1265 1643 1339 1686 eam
1359 1623 1483 1687 habent
1504 1623 1735 1689 necessitatem

337 1753 481 1817 unquam
503 1735 546 1798 de
568 1733 717 1797 currendi
740 1733 782 1796 ad
806 1731 962 1797 iudicium
986 1731 1123 1798 Martis:
1157 1734 1213 1816 qui
1239 1734 1290 1797 ius
1317 1755 1412 1799 suum
1438 1735 1471 1798 in
1498 1735 1618 1800 iudicio
1644 1735 1735 1818 apud

336 1845 535 1929 superiorem
561 1844 711 1928 persequi
735 1854 883 1927 possunt.
939 1844 980 1907 In
1008 1844 1060 1908 his
1084 1845 1185 1910 etiam
1211 1855 1327 1911 contra
1352 1845 1617 1911 fundatissimam
1643 1846 1735 1910 illam

336 1957 482 2042 regulam
507 1956 553 2020 sic
577 1964 691 2020 tenent
712 1955 857 2037 quidam,
880 1955 1120 2020 restituendum
1142 1955 1330 2040 spoliatum,
1353 1956 1407 2020 uel
1433 1957 1459 2021 si
1487 1955 1666 2022 difficilima
1692 1957 1735 2022 sit

335 2069 444 2134 sutura
466 2076 583 2151 postea
606 2067 808 2150 recuperatio
832 2067 1046 2149 possessionis
1056 2065 1079 2130 ⁴.
1136 2067 1181 2132 Et
1204 2088 1310 2152 neque
1330 2069 1509 2134 auctoritas
1531 2069 1735 2152 priuatorum

336 2179 417 2245 baec
436 2189 494 2255 est,
511 2188 548 2243 ut
565 2178 693 2243 concire
717 2176 962 2241 multitudinem
978 2175 1111 2241 ualeant
1121 2177 1143 2242 ⁶.
1187 2175 1317 2262 ‘Siquis
1340 2179 1495 2261 priuatim
1514 2180 1585 2244 sine
1602 2178 1735 2262 publico

337 2294 442 2358 ‘scitu
472 2311 598 2374 pacem,
619 2289 786 2355 bellumue
816 2288 936 2368 lecerit,
960 2289 1081 2371 capital
1107 2287 1213 2354 esto:’
1245 2289 1320 2354 Lex
1348 2289 1496 2354 Platonis
1505 2289 1527 2354 ⁶.
1574 2290 1735 2355 Eiusdem

337 2404 459 2468 scilicet
477 2401 652 2486 potestatis
674 2411 725 2466 est
747 2401 930 2484 superioris,
944 2400 1068 2464 bellum
1092 2400 1207 2479 lacere,
1224 2410 1258 2465 et
1281 2421 1397 2484 pacem
1406 2400 1430 2466 ⁷.
1476 2401 1521 2465 Et
1544 2401 1601 2466 lex
1623 2401 1735 2485 itaque

338 2515 420 2580 Iulia
450 2534 526 2579 eum
557 2513 739 2578 maiestatis
770 2520 869 2592 tenet,
890 2511 945 2595 qui
975 2511 1098 2575 iniussu
1130 2510 1288 2594 Principis
1317 2510 1443 2575 bellum
1472 2512 1610 2595 gesserit
1620 2510 1643 2578 ⁸.
1688 2511 1735 2576 Et

337 2628 457 2691 dedere
472 2625 615 2690 eundem
630 2625 689 2704 his,
704 2625 760 2707 qui
775 2623 870 2706 petiti
888 2621 977 2686 bello
992 2629 1110 2700 essent,
1125 2631 1287 2705 oportere,
1305 2622 1450 2686 Romani
1466 2623 1705 2689 existimabant
1714 2625 1736 2690 ⁰.

339 2737 383 2801 Et
408 2739 455 2802 sic
482 2736 543 2801 sibi
570 2736 646 2802 dedi
669 2734 873 2800 Annibalem
898 2733 1030 2814 petiere.
1076 2732 1122 2796 Et
1146 2733 1192 2798 sic
1218 2733 1279 2797 sibi
1306 2733 1384 2798 dedi
1408 2733 1640 2817 Sampsonenr,
1659 2734 1736 2798 Phi·

338 2848 442 2912 listaei
457 2857 576 2931 petunt
584 2844 619 2912 ¹⁰.
663 2847 709 2910 Et
724 2846 770 2922 sie
786 2845 880 2908 illum
896 2845 1024 2908 dedunt
1041 2843 1165 2908 ludaei.
1210 2843 1327 2926 Atque
1342 2844 1424 2908 haec
1440 2843 1615 2928 explorata
1630 2853 1717 2910 sunt.

377 2959 539 3043 Quaestio
561 2956 617 3021 illa
640 2966 700 3036 est,
720 2957 747 3020 si
771 2955 934 3036 Princeps,
954 2955 1009 3038 qui
1030 2954 1080 3017 ius
1095 2953 1196 3037 gladii
1213 2954 1322 3032 habet,
1338 2965 1373 3020 et
1389 2975 1524 3034 merum,
1539 2963 1573 3019 et
1590 2956 1735 3020 mixtum

337 3071 519 3153 imperium,
533 3068 649 3153 quales
670 3077 747 3132 sunt
769 3067 879 3131 Duces
902 3065 1071 3145 Mantuae,
1090 3066 1236 3141 Parmae,
1257 3066 1426 3130 Ferrariae
1448 3067 1481 3130 in
1506 3066 1612 3146 ltalia,
1631 3076 1664 3131 et
1688 3066 1735 3131 illi

338 3182 370 3244 in
394 3181 580 3258 Germania,
597 3179 700 3257 Saxo,
717 3178 972 3256 Brunsuicensis,
988 3177 1102 3260 reliqui
1126 3177 1302 3260 Principes,
1319 3187 1353 3242 et
1376 3177 1527 3243 ciuitates
1549 3178 1679 3256 liberae,
1696 3199 1735 3244 eo

338 3293 433 3358 titulo
455 3293 659 3376 superiorum
682 3291 806 3355 censeri
828 3290 862 3353 in
885 3289 1056 3372 proposito
1077 3287 1130 3352 hic
1152 3289 1299 3371 possint:
1322 3289 1479 3373 quoniam
1501 3289 1599 3368 leudi,
1614 3279 1649 3354 et'
1669 3311 1736 3372 qua

338 3404 402 3470 alia
431 3407 557 3470 ratione
582 3401 783 3486 superiorem
811 3400 996 3483 Principem
1021 3398 1157 3464 habent.
1202 3399 1296 3476 Dico,
1319 3420 1385 3483 qua
1412 3401 1477 3464 alia
1501 3401 1634 3476 ratione,
1658 3421 1736 3464 nam

339 3516 478 3582 Mantua
487 3514 511 3554 ¹¹
528 3511 688 3601 (exempli
710 3509 830 3599 gratia)
853 3533 919 3576 non
942 3519 1093 3577 censetur
1115 3509 1306 3593 simpliciter
1329 3511 1477 3576 subiecta
1504 3513 1650 3595 imperio,
1677 3513 1736 3578 sed

338 3628 505 3694 foederata
527 3647 587 3711 per
608 3627 723 3690 foedus
748 3623 974 3690 Constantine.
1021 3621 1071 3687 Ut
1093 3621 1248 3686 Alciatus
1270 3622 1392 3687 scribit.
1439 3622 1488 3687 Ut
1515 3623 1669 3708 idemque
1692 3625 1737 3688 sit

339 3741 380 3804 de
413 3741 541 3804 Parma.
596 3737 655 3802 Ad
684 3757 786 3821 quam
816 3744 910 3799 notat
940 3733 996 3800 ille
1029 3742 1222 3818 praeterea;
1262 3733 1352 3816 quod
1389 3733 1452 3796 etsi
1489 3735 1655 3799 transierit
1692 3737 1736 3801 ad

339 3849 530 3929 Ecclesiam,
553 3857 688 3914 manent
713 3847 780 3912 illic
805 3857 918 3911 tamen
941 3854 1106 3910 reseruata
1133 3844 1292 3926 imperio:
1324 3844 1401 3908 item
1426 3852 1460 3910 et
1483 3855 1612 3910 ueteres
1637 3846 1736 3932 leges.

339 3963 514 4029 Caeterum
540 3962 603 4026 ista
630 3959 707 4025 sacti
730 3959 880 4042 quaestio
906 3957 1093 4022 definienda
1118 3965 1168 4021 est
1194 3977 1238 4020 ex
1266 3965 1379 4020 tenore
1402 3956 1679 4037 inuestiturarum,
1702 3967 1737 4024 et

337 4076 555 4140 instrumento
585 4071 784 4149 libertatum,
812 4070 883 4133 siue
911 4068 977 4133 alio
1006 4089 1074 4151 quo
1104 4067 1179 4131 iure.
1238 4065 1291 4130 De
1321 4087 1404 4150 pace
1436 4065 1661 4146 Constantiae,
1692 4089 1736 4133 an

338 4195 506 4272 perpetua,
528 4205 571 4249 an
592 4183 739 4249 tribuens
761 4181 949 4246 ciuitatibus
967 4179 1030 4244 illis
1053 4179 1311 4244 iurisdictionem
1334 4177 1547 4262 imperialem,
1569 4179 1635 4245 alia
1657 4200 1737 4246 con-

567 4353 574 4382 ¹
592 4353 654 4402 lust.
668 4367 688 4403 1.
703 4367 725 4402 a.
901 4349 912 4378 ¹
925 4349 980 4400 Bul.
992 4363 1059 4417 prot.
1072 4349 1136 4400 eod.
1312 4348 1322 4378 ³
1336 4348 1393 4398 Seu.
1405 4347 1453 4414 Ep.
1465 4345 1507 4398 66.

417 4439 427 4467 ⁸
443 4439 537 4489 Conar.
549 4435 580 4485 de
591 4435 700 4485 Matrim.
714 4449 737 4485 a.
749 4449 771 4485 c.
785 4443 806 4496 7.
821 4439 834 4492 5
848 4445 871 4496 5.
1089 4429 1100 4460 ⁵
1117 4430 1184 4496 Aug.
1195 4430 1246 4481 Ios.
1257 4445 1281 4496 q.
1295 4443 1339 4488 10;
1358 4430 1424 4496 Aqu.
1438 4445 1459 4482 a.
1472 4445 1495 4480 a.
1506 4448 1530 4498 q.
1543 4445 1583 4496 40.
1594 4446 1618 4481 ι.
1631 4444 1652 4481 r.

597 4518 608 4548 ⁸
623 4516 688 4567 Plat.
700 4515 752 4567 Ult.
764 4516 796 4565 de
807 4514 877 4579 Legi.
889 4517 926 4580 (p.
937 4515 1006 4580 94r).
1217 4509 1228 4541 i
1245 4511 1307 4562 Dec.
1319 4526 1342 4574 3.
1355 4527 1423 4562 cons.
1437 4526 1476 4562 πο.

466 4603 477 4632 ⁸
492 4601 509 4652 1.
522 4615 545 4664 3.
557 4599 589 4649 ad
600 4598 616 4651 l.
629 4599 667 4649 Iu.
678 4599 736 4650 mai.
750 4597 796 4660 (D.
807 4599 848 4661 48.
859 4597 897 4662 4).
995 4596 1005 4626 ⁰
1022 4595 1128 4660 Dionys.
1140 4593 1195 4644 uel.
1206 4594 1238 4644 de
1249 4593 1325 4659 Legr
1343 4593 1398 4642 Plu.
1410 4593 1477 4654 Cor,
1491 4593 1548 4644 Cet.
1559 4591 1603 4642 mi.

667 4679 686 4710 ¹⁰
702 4682 757 4732 Iud.
771 4693 810 4745 ¹5·
1141 4673 1159 4706 ¹¹
1176 4675 1233 4726 Alc.
1244 4689 1270 4741 9.
1281 4690 1348 4726 cons.
1361 4687 1400 4737 ³³·

1007 4839 1067 4890 D2
