4604 5562
521 682 583 744 108
1005 692 1207 747 ALBERICI
1236 693 1436 747 GENTILIS

517 941 631 1014 putem
657 934 703 996 sic
730 955 809 1012 esse,
834 943 870 997 ut
896 935 1025 998 dicitur.
1056 946 1089 999 et
1112 935 1273 1017 recipitur,
1302 935 1476 1018 imperium
1504 956 1575 1000 esse
1600 945 1695 1000 uetus
1719 938 1919 1018 Romanum,

517 1042 655 1107 Carolus
678 1046 764 1108 enim
789 1045 933 1128 Magnus
954 1047 1007 1110 hic
1031 1045 1063 1108 in
1088 1047 1269 1112 Occidente
1293 1048 1481 1110 Romanum
1507 1047 1679 1128 imperium
1704 1049 1746 1112 de
1766 1051 1918 1114 manibus

515 1155 679 1236 pontificis
708 1157 859 1233 Romani,
883 1157 965 1220 scitu
995 1157 1137 1221 Romani
1163 1156 1276 1239 populi
1302 1158 1449 1239 accepit:
1481 1167 1513 1221 et
1541 1154 1643 1240 (quod
1671 1158 1777 1240 inquit
1803 1159 1917 1225 Aleia·

515 1263 603 1349 tus1)
630 1265 853 1330 instaurauit².
897 1265 1004 1331 Aiunt
1030 1267 1094 1344 alii,
1121 1277 1253 1348 partum
1283 1267 1347 1333 hoc
1373 1267 1473 1331 armis
1501 1269 1675 1349 imperium
1703 1268 1842 1334 Carolo:
1880 1280 1917 1335 ut

515 1385 658 1458 suntque
679 1376 807 1441 litterae
827 1377 990 1459 pontificis
1012 1378 1044 1439 in
1067 1378 1100 1440 id
1117 1387 1322 1442 recantantes
1333 1379 1355 1442 ³.
1401 1377 1469 1442 Sed
1487 1399 1553 1443 non
1570 1400 1632 1460 ego
1647 1388 1758 1443 statuo
1774 1380 1915 1444 multum

516 1489 674 1550 momenti
698 1489 731 1550 in
753 1509 792 1552 ea
815 1489 1008 1553 differentia.
1062 1487 1153 1552 Satis
1176 1499 1234 1567 est,
1256 1490 1346 1572 quod
1370 1490 1560 1552 Romanum
1584 1490 1755 1572 imperium
1778 1493 1915 1574 accepit.

515 1598 560 1661 Et
587 1620 653 1663 non
679 1599 757 1664 lacit
781 1599 890 1664 Caroli
917 1620 1057 1683 persona
1079 1609 1226 1677 externa,
1249 1601 1426 1682 quominus
1447 1600 1527 1664 illud
1551 1600 1724 1682 imperium
1751 1603 1913 1666 manserit.

513 1710 597 1774 sicut
617 1731 724 1793 neque
745 1712 778 1775 id
797 1711 874 1775 fecit
895 1731 1033 1793 persona
1052 1711 1192 1784 Numae,
1210 1711 1318 1788 Prisci,
1336 1711 1451 1786 Seruii,
1469 1711 1644 1793 quominus
1663 1732 1799 1793 regnum
1822 1731 1913 1775 man·

513 1823 591 1885 serit
609 1823 845 1886 Romanorum.
892 1823 1009 1904 Neque
1025 1821 1178 1885 differunt
1195 1821 1295 1885 haec:
1318 1822 1394 1903 quia
1411 1821 1539 1885 Priscus
1560 1831 1593 1885 et
1610 1820 1744 1885 Seruius
1759 1821 1825 1885 iam
1840 1833 1912 1886 tum

513 1933 590 1996 facti
611 1933 754 1996 Romani
773 1942 874 2010 erant,
892 1953 993 2014 quum
1012 1933 1054 1996 ad
1074 1952 1212 2014 regnum
1230 1942 1483 1997 assumerentur.
1531 1933 1621 1996 Nam
1641 1933 1684 1995 de
1704 1933 1816 1996 Numa
1834 1934 1912 2015 quid

511 2041 672 2108 dicimus?
717 2044 761 2107 Et
786 2043 923 2109 Carolus
946 2044 1046 2108 etiam
1071 2054 1140 2107 erat
1163 2053 1263 2108 antea
1281 2044 1473 2108 Romanus:
1497 2045 1552 2127 qui
1571 2043 1734 2125 patricius,
1751 2052 1784 2107 et
1803 2045 1913 2108 nescio

511 2154 593 2218 alius
613 2154 718 2238 qualis
738 2155 799 2219 fuit
819 2156 947 2218 Rornae
956 2154 978 2219 ⁴.
1024 2154 1130 2220 Simul
1150 2176 1225 2218 cum
1247 2157 1383 2237 imperio
1404 2165 1542 2237 accepto
1565 2154 1625 2219 luit
1648 2155 1830 2218 Romanus.
1861 2165 1911 2220 est

512 2267 599 2329 enim
623 2267 802 2348 imperator
823 2267 866 2329 de
889 2265 1045 2347 imperio:
1077 2276 1113 2330 ut
1137 2275 1186 2329 est
1209 2276 1309 2348 caput
1333 2267 1374 2328 de
1397 2287 1542 2349 corpore.
1589 2267 1706 2347 Neque
1729 2265 1912 2347 excipietur

510 2387 624 2440 contra
650 2378 740 2459 ipsos
762 2377 939 2460 eligentes:
970 2378 1062 2459 quasi
1090 2377 1116 2438 is
1143 2375 1284 2459 populus
1311 2397 1376 2439 non
1405 2377 1577 2440 Romanus
1601 2375 1705 2452 luerit,
1727 2376 1783 2458 qui
1810 2375 1910 2458 elegit

511 2487 675 2564 Carolum,
698 2488 756 2551 sed
780 2497 993 2552 externorum
1016 2485 1172 2551 colluuies
1194 2488 1365 2569 quaedam.
1398 2487 1477 2550 item
1502 2507 1607 2568 neque
1630 2485 1789 2582 populum
1813 2497 1910 2568 potu·

509 2599 580 2676 isse,
596 2619 702 2680 neque
720 2598 910 2682 pontificem
929 2599 1061 2662 adeam
1081 2596 1276 2661 electionem
1295 2598 1350 2675 ire,
1367 2599 1521 2660 Romano
1541 2597 1910 2678 Constantinopolitano

509 2710 706 2792 imperatore
721 2710 854 2773 domino
874 2729 934 2772 nec
950 2709 1091 2782 iubente,
1109 2728 1168 2771 nec
1189 2708 1349 2773 consulto.
1396 2710 1484 2772 Nam
1503 2708 1546 2771 ad
1566 2708 1774 2772 identitatem
1795 2708 1907 2790 populi

507 2822 596 2902 quod
620 2821 749 2895 attinet,
769 2821 829 2883 etsi
852 2820 916 2882 dici
940 2819 1029 2882 idem
1052 2818 1192 2900 populus
1216 2839 1281 2882 non
1306 2820 1418 2900 possit,
1433 2821 1459 2882 si
1483 2839 1549 2884 uno
1573 2828 1743 2882 momento
1761 2818 1909 2882 sublatus

507 2940 602 2995 uetus
622 2931 729 2995 omnis
751 2939 845 3008 esset,
862 2938 896 2992 et
918 2950 1021 2992 nouus
1042 2929 1103 2992 iste
1124 2927 1273 2992 colluuiei
1289 2930 1494 3003 substitutus,
1511 2939 1622 2994 tamen
1639 2930 1727 2992 idem
1743 2938 1793 2992 est
1809 2938 1907 3003 certe,

505 3044 532 3107 si
552 3042 710 3126 paulatim
730 3050 876 3105 mutatus
893 3050 952 3116 est,
967 3039 1029 3104 etsi
1047 3048 1146 3104 totus.
1177 3041 1259 3104 sicut
1280 3041 1372 3104 nauis
1391 3043 1508 3104 eadem
1524 3049 1583 3118 est,
1600 3041 1646 3104 sic
1662 3039 1694 3102 in
1711 3048 1820 3102 totum
1837 3060 1908 3102 mu-

505 3163 576 3218 tata
586 3154 609 3216 ⁵.
641 3147 680 3218 et
697 3154 814 3216 eadem
837 3153 923 3234 legio
946 3152 991 3214 sic
1015 3159 1083 3215 est:
1107 3159 1144 3214 ut
1160 3151 1205 3215 ita
1224 3151 1294 3214 dux
1313 3153 1448 3234 quidam
1471 3154 1515 3216 ad
1533 3151 1716 3224 Tertianos,
1733 3151 1822 3234 quod
1845 3153 1908 3216 sub

506 3265 553 3328 Μ.
574 3265 723 3328 Antonio
745 3263 892 3340 Parthos,
907 3263 968 3325 sub
992 3261 1178 3326 Corbulone
1197 3262 1359 3326 Armenio
1383 3273 1458 3346 post
1477 3262 1649 3328 Sarmatas
1671 3262 1875 3345 pepulissent
1884 3263 1907 3327 ⁸.

505 3376 595 3442 Sane
613 3378 700 3440 enim
719 3386 795 3459 post
813 3383 1077 3458 annosncentum,
1096 3393 1198 3455 quum
1221 3375 1284 3437 iste
1302 3374 1498 3456 loqueretur,
1517 3393 1615 3436 nemo
1637 3393 1806 3454 superesse
1824 3371 1906 3435 Ter-

503 3489 667 3552 tianorum
690 3488 807 3570 potuit,
822 3487 878 3570 qui
902 3487 963 3549 sub
983 3485 1132 3549 Antonio
1156 3485 1347 3548 militarunt.
1393 3485 1439 3548 Et
1460 3504 1528 3548 non
1544 3483 1599 3546 ille
1616 3483 1700 3546 alius
1717 3504 1832 3565 aeque,
1847 3484 1904 3566 qui

503 3599 634 3677 clamat,
650 3599 785 3662 desiisse
803 3597 882 3661 olim
898 3596 1132 3672 Athenienses,
1148 3605 1199 3660 tot
1216 3596 1363 3660 cladibus
1379 3596 1571 3673 exstinctos,
1587 3605 1622 3658 at
1640 3595 1815 3658 colluulem
1831 3604 1904 3659 tan·

501 3721 574 3775 tum
590 3711 760 3774 nationum
777 3707 1004 3791 superfuisse'l.
1047 3707 1175 3785 Uerius,
1190 3707 1327 3789 aequius
1344 3704 1473 3784 Caesar,
1488 3705 1543 3788 qui
1559 3714 1593 3769 et
1607 3704 1658 3768 his
1674 3705 1779 3787 parcit
1793 3704 1902 3769 Athe-

503 3820 881 3897 niensibus,et‘sen1ari
906 3839 963 3882 eos
985 3839 1005 3880 a
1029 3817 1183 3881 mortuis’
1205 3827 1408 3882 contestatur
1417 3815 1440 3879 ⁸.
1485 3815 1602 3899 Atque
1624 3817 1667 3880 de
1690 3817 1903 3900 responsione

502 3933 564 3995 ista
587 3952 653 3994 non
676 3930 801 4006 dubit0,
818 3932 896 4012 quin
920 3951 997 3992 uera
1019 3931 1070 3994 sit.
1116 3927 1275 3992 Subditos
1291 3948 1369 3991 uero
1384 3927 1560 3992 destitutos
1576 3926 1701 3991 auxilio
1717 3927 1871 4011 principis
1880 3930 1902 4004 ⁹,

502 4051 538 4104 ut
564 4042 713 4104 destituti
742 4041 884 4103 Romani
914 4049 986 4103 tum
1012 4059 1033 4102 a
1060 4038 1428 4120 Constantinopolitano
1452 4046 1555 4116 erant,
1581 4046 1615 4102 et
1637 4038 1737 4103 armis
1762 4039 1902 4104 afflictos

501 4150 681 4228 hostilibus,
707 4161 743 4214 ut
770 4159 842 4213 tum
870 4149 1014 4212 Romani
1041 4169 1061 4212 a
1088 4149 1317 4230 Longobardis
1341 4149 1578 4232 affligebantur,
1606 4169 1703 4231 posse
1729 4150 1772 4213 ad
1798 4150 1900 4213 alium

630 4349 934 4401 ¹nlc.1.118.deU.S.
947 4349 992 4410 (D.
1005 4361 1044 4410 50.
1059 4347 1109 4408 16).
1173 4347 1265 4411 'Egn
1277 4348 1323 4397 Ca.
1336 4349 1389 4396 Ma.
1461 4349 1609 4414 'Sigon¹
1621 4349 1653 4398 de
1665 4349 1709 4398 Re.
1721 4349 1767 4399 Its.

549 4430 956 4495 ‘c.22.dist.63;c.3.n.q.6.
1039 4429 1846 4494 ⁵l.24.deleg.1.not.(D.30);1.83.‹1eu.0.(1).45.1).

695 4515 704 4544 ⁶
720 4515 781 4564 Tac.
794 4529 816 4577 3.
830 4514 897 4562 Hist.
912 4528 950 4576 ²4·
1105 4511 1116 4541 ἵ
1133 4511 1193 4561 Tac.
1211 4527 1235 4560 π.
1246 4513 1295 4561 An.
1308 4525 1348 4574 55.
1506 4513 1516 4543 ¹
1533 4513 1592 4564 Dio.
1606 4513 1650 4563 lib.
1661 4527 1702 4575 4²·

754 4597 764 4628 ⁹
782 4599 862 4648 Castr.
876 4599 938 4661 Rep.
950 4596 966 4644 l.
981 4611 1002 4660 5.
1015 4595 1045 4645 de
1057 4595 1113 4644 lust.
1126 4595 1171 4658 (D.
1187 4607 1207 4643 t.
1223 4597 1262 4656 1);
1280 4595 1296 4644 l.
1313 4610 1349 4660 19.
1362 4597 1392 4646 de
1405 4611 1460 4661 poe.
1476 4597 1521 4658 (D.
1534 4598 1574 4660 48.
1589 4597 1640 4660 19).
