4604 5562
471 599 908 609 μ’*

471 693 532 758 126
955 701 1158 755 ALBERICI
1179 698 1385 773 ,GENTJLJS

467 947 662 1025 ‘amicitiae
686 946 803 1010 sinon
826 947 1014 1010 redduntur.
1060 945 1105 1008 Et
1129 944 1245 1009 diebus
1268 942 1372 1006 tribus
1395 950 1429 1005 et
1453 941 1587 1024 triginta
1610 935 1680 1026 (qui
1702 933 1869 1022 solennes)

466 1059 639 1142 ‘peractis
661 1058 786 1123 bellum
809 1067 979 1140 postremo
1000 1051 1129 1119 indici:’
1161 1063 1199 1118 ut
1215 1053 1303 1136 apud
1325 1051 1498 1130 Liuium13
1527 1061 1561 1116 et
1584 1051 1617 1114 in
1640 1071 1717 1114 casu
1740 1049 1870 1132 Sagun-

467 1169 538 1235 tino
564 1170 780 1234 obseruarunt
805 1169 860 1236 alii
886 1169 1032 1233 historici
1059 1166 1264 1250 specialiterr
1295 1165 1352 1247 qui
1379 1164 1533 1240 scribunt,
1559 1163 1657 1226 ‘Non
1684 1162 1798 1226 statim
1824 1159 1869 1224 ad

466 1285 584 1345 ‘arma
606 1291 806 1365 procurrunt,
826 1281 906 1345 dum
929 1281 1018 1363 prius
1041 1299 1133 1342 more
1155 1277 1303 1359 legitimo
1321 1276 1433 1358 quaeri
1457 1275 1583 1339 malunt
1592 1273 1623 1339 ²!
1669 1274 1715 1337 Et
1737 1274 1765 1336 si
1789 1271 1870 1337 Car-

466 1393 689 1477 thaginienses
704 1403 900 1476 purgassent
918 1392 1063 1470 crimina,
1078 1400 1149 1455 tum
1166 1388 1401 1472 quiescendum
1418 1387 1579 1451 Romanis
1594 1385 1718 1450 luisset.
1756 1384 1869 1448 Etiam

467 1506 511 1570 de
529 1505 634 1568 Gallis
652 1507 767 1570 recitat
788 1505 912 1582 Liuius,
929 1504 1056 1567 ‘Erant
1079 1503 1135 1584 qui
1159 1499 1332 1582 extemplo
1355 1499 1499 1563 Romam
1521 1499 1668 1562 eundum
1690 1505 1869 1561 censerent.

468 1615 560 1680 ‘Sed
583 1617 689 1681 uicere
711 1618 864 1692 seniores,
884 1624 921 1678 ut
943 1613 1045 1697 legati
1069 1613 1159 1696 prius
1186 1613 1395 1676 mitterentur
1415 1620 1569 1694 questum
1593 1609 1733 1687 iniurias,
1756 1616 1870 1690 postu·

465 1728 667 1810 ‘latumque
692 1736 729 1791 ut
758 1749 818 1809 pro
849 1727 916 1793 iure
946 1725 1095 1808 gentium
1120 1723 1244 1787 uiolato
1276 1722 1370 1786 Fabii
1402 1723 1601 1787 dederentur
1611 1717 1643 1784 ³.’
1689 1719 1869 1802 Eleganter

468 1839 502 1904 P.
530 1839 643 1921 Syms‚
671 1839 732 1902 ‘In
754 1838 954 1903 uindicando
980 1837 1154 1900 criminosa
1181 1845 1231 1900 est
1257 1834 1425 1899 celeritas!
1483 1831 1669 1897 Belluinum
1696 1841 1755 1910 est,
1777 1850 1869 1895 arma

467 1951 582 2014 statim
598 1970 741 2014 mouere.

631 2137 731 2196 ‘Cum
752 2147 960 2214 prorepserunt
981 2137 1082 2215 primis
1103 2137 1240 2196 animalia
1260 2137 1349 2206 terris,

633 2241 782 2315 ‘Mutum
803 2251 833 2302 et
854 2252 937 2320 turpe
960 2261 1059 2320 pecus,
1081 2241 1220 2319 glandem
1241 2250 1328 2318 atque
1349 2241 1454 2300 cubilia
1475 2251 1593 2317 propter

631 2353 637 2378 ‘
654 2346 818 2424 Unguibus,
840 2359 869 2408 et
890 2349 1006 2426 pugnis,
1029 2349 1096 2408 dein
1117 2349 1250 2420 fustibus,
1272 2357 1359 2424 atque
1380 2349 1420 2406 ita
1441 2365 1530 2424 porro

632 2454 830 2532 ‘Pugnabant
850 2455 947 2527 armis,
968 2473 1044 2532 quae
1065 2465 1134 2532 post
1154 2455 1345 2514 fabricauerat
1365 2471 1454 2514 usus:

631 2559 759 2620 ‘Donec
780 2562 878 2634 uerba,
900 2562 1006 2639 quibus
1027 2579 1126 2634 uoces,
1149 2579 1309 2638 sensusque
1331 2570 1474 2631 notarent,

633 2665 843 2744 ‘Nominaque
866 2667 1023 2739 inuenere;
1047 2667 1153 2726 dehinc
1174 2667 1314 2726 absistere
1335 2664 1448 2737 bello‘,'
1471 2671 1521 2725 &o

514 2845 595 2909 Dixi
623 2845 770 2910 Senecae
794 2854 1028 2928 argumentum
1055 2856 1153 2923 antea
1179 2848 1259 2912 item
1285 2848 1327 2911 de
1355 2849 1454 2912 mutis
1479 2856 1513 2912 et
1539 2847 1623 2912 letis·
1678 2848 1724 2912 Et
1748 2848 1825 2912 hinc
1850 2867 1871 2912 a

470 2957 585 3021 Xerxe
604 2957 780 3040 uituperati
799 2967 875 3022 sunt
894 2957 1020 3036 Graeci,
1037 2959 1092 3042 qui
1110 2960 1222 3023 omnia
1240 2979 1306 3023 non
1324 2968 1489 3025 tentarent
1511 2960 1610 3043 prius,
1627 2969 1665 3024 ut
1682 2961 1752 3024 sine
1772 2959 1871 3024 armis

468 3069 710 3138 controuersiae
737 3069 908 3133 finirentur
917 3070 938 3135 ⁶.
997 3069 1052 3134 Sic
1078 3072 1282 3153 uituperatus
1309 3071 1430 3136 Ioabus
1456 3093 1476 3136 a
1502 3072 1651 3154 sapiente
1677 3071 1813 3135 muliere
1838 3071 1871 3133 in

468 3182 568 3245 sacris
586 3181 727 3246 Bibliis‘.
766 3181 812 3245 Et
827 3180 883 3245 ille
898 3191 970 3245 tum
986 3202 1052 3245 non
1068 3183 1232 3266 insipiens,
1248 3204 1349 3266 quum
1365 3185 1453 3263 dicit,
1465 3187 1472 3216 ‘
1485 3183 1608 3250 Omnia
1623 3185 1713 3266 prius
1729 3183 1871 3266 experiri

468 3293 601 3357 ‘uerbis
624 3313 724 3376 quam
747 3294 855 3372 armis,
873 3295 1058 3376 sapientem
1080 3296 1184 3360 decet.
1230 3296 1297 3379 Qui
1321 3297 1383 3361 scis
1405 3315 1456 3375 an,
1474 3316 1560 3379 quae
1582 3296 1722 3375 iubeam,
1745 3296 1817 3359 sine
1838 3295 1870 3359 ui

468 3407 476 3437 ‘
491 3401 634 3470 saciat⁷.’
665 3403 720 3469 Sic
733 3404 867 3483 Baldus,
878 3407 1039 3469 tentanda
1051 3407 1140 3489 prius
1155 3406 1262 3471 ciuilia
1274 3407 1418 3472 remedia
1433 3408 1552 3482 omnia,
1565 3428 1665 3490 quam
1678 3407 1872 3489 represaliae

468 3516 709 3594 concedantur;
741 3536 826 3599 quae
852 3517 1037 3599 prohibitae
1063 3538 1123 3601 per
1151 3539 1245 3583 suam
1273 3529 1444 3584 naturam:
1475 3527 1509 3583 et
1536 3518 1660 3583 bellum
1687 3527 1800 3584 tamen
1826 3519 1870 3582 sit

469 3629 577 3692 minus
592 3630 723 3700 iustum.
734 3637 767 3692 et
783 3629 891 3692 minus
905 3629 1042 3709 licitum,
1053 3651 1153 3713 quam
1169 3630 1389 3714 represaliae⁸.
1424 3630 1469 3694 Et
1485 3630 1601 3694 Tullus
1616 3650 1677 3694 rex
1692 3629 1871 3694 bellicosis·

468 3741 571 3803 simus
593 3741 751 3819 omnium,
773 3741 891 3824 ‘Quae
913 3743 1022 3806 uerbis
1049 3745 1203 3826 componi
1227 3763 1293 3807 non
1315 3752 1461 3826 possunt,
1488 3742 1588 3805 armis
1611 3739 1870 3806 decemantur⁹.’

356 3851 360 3860 '
469 3850 515 3915 Et
526 3849 675 3914 Theseus
687 3851 777 3934 apud
792 3853 957 3917 scenicum
973 3852 1216 3936 philosophum,
1228 3853 1283 3918 ‘Si
1298 3856 1447 3918 oratione
1463 3874 1529 3918 non
1544 3854 1734 3937 persuadeo,
1746 3853 1870 3918 bellum

469 3961 601 4026 ‘laudo
648 3963 753 4038 Uade,
776 3965 830 4027 dic
855 3964 1009 4042 Creonti3
1032 3965 1183 4029 Theseus
1206 3975 1355 4030 amanter
1376 3987 1397 4029 a
1419 3975 1453 4029 te
1476 3965 1595 4048 repetit
1617 3967 1787 4030 cadauera.
1816 3964 1870 4028 hic

469 4072 619 4155 ‘primus
642 4093 761 4136 sermo.
808 4073 844 4139 Si
871 4075 950 4139 nihil
973 4077 1095 4141 efficis:
1124 4079 1297 4156 secundus,
1317 4088 1354 4141 ut
1377 4099 1431 4142 me
1453 4087 1618 4142 armatum
1638 4085 1812 4161 exspectet
1824 4074 1869 4139 ¹⁰)

471 4183 527 4250 Sic
542 4183 769 4249 Theodoricus
787 4185 931 4264 Alarico,
955 4187 1070 4251 ‘Tunc
1092 4189 1136 4252 ad
1158 4209 1258 4268 arma,
1274 4210 1378 4272 quum
1400 4189 1510 4254 locum
1532 4189 1621 4273 apud
1643 4190 1866 4255 aduersarium

567 4429 576 4458 ¹
593 4427 649 4478 Liu.
664 4443 683 4477 1.
699 4427 737 4490 36.
750 4430 789 4490 38.
800 4445 841 4493 4²·
923 4431 933 4459 ²
950 4431 1006 4482 Flo.
1018 4431 1062 4483 lib.
1078 4447 1099 4481 2.
1111 4449 1132 4482 c.
1145 4431 1160 4481 6
1168 4450 1175 4490 ;
1192 4433 1252 4482 Zon.
1265 4433 1308 4483 lib.
1321 4434 1344 4484 8.
1356 4451 1376 4484 c.
1387 4450 1425 4484 21.
1507 4435 1517 4464 ⁸
1534 4435 1588 4484 Liu.
1601 4435 1645 4484 lib.
1659 4450 1681 4500 5.
1694 4451 1715 4486 c.
1731 4434 1769 4497 3⁶·

502 4509 820 4574 ‘lior.1.Sat.3.l.1o4.
945 4514 1153 4566 ‘Herodotllh
1168 4529 1189 4578 7.
1301 4516 1348 4568 ⁸2.
1362 4517 1428 4568 Sam.
1444 4533 1481 4568 20.
1596 4515 1790 4581 7Τετ.4.Ειιιι.
1804 4527 1825 4580 7.

577 4593 588 4625 ⁸
604 4593 658 4645 Bal.
670 4594 687 4643 l.
699 4609 722 4658 5.
734 4595 765 4644 de
776 4595 824 4644 inst
837 4595 882 4660 (D.
896 4609 917 4644 1.
932 4599 966 4660 1).
1075 4599 1084 4627 ⁰
1101 4597 1193 4662 Diony.
1204 4598 1250 4648 lib.
1264 4614 1285 4662 3.
1298 4615 1319 4650 c.
1333 4614 1370 4648 11.
1476 4599 1494 4631 ¹⁰
1511 4600 1569 4650 Eur.
1582 4598 1669 4665 Suppl.
1680 4599 1697 4650 l.
1711 4602 1765 4663 383·
