4604 5562
503 653 545 734 96
986 661 1188 714 ALBERICI
1216 662 1416 716 GENTILIS

502 904 660 987 illaqueat
678 905 943 968 uniuersitatem:
967 903 1114 982 alteram,
1130 905 1156 966 si
1178 905 1371 968 uniuersitas
1392 903 1529 988 negligit
1548 905 1627 969 illud
1644 905 1768 970 factum
1788 926 1899 968 emen·

502 1016 589 1097 dare,
601 1018 667 1080 iam
684 1038 769 1082 nunc
784 1017 940 1099 illaqueat
957 1019 1027 1098 ipsa
1043 1037 1086 1082 se.
1129 1017 1173 1079 Et
1190 1017 1222 1079 in
1238 1017 1336 1098 priori
1352 1019 1398 1082 sic
1414 1017 1641 1097 conclusimus,
1652 1019 1899 1082 uniuersitatem

502 1150 568 1193 non
585 1129 762 1212 illaqueari.
796 1131 911 1212 Atque
927 1131 959 1193 id
976 1139 1034 1208 est,
1046 1131 1134 1211 quod
1152 1130 1295 1193 Romani
1312 1141 1442 1194 tantum
1458 1153 1477 1194 a
1492 1131 1605 1196 Teuca
1622 1142 1748 1214 petunt,
1760 1142 1796 1196 ut
1811 1133 1898 1214 pira·

502 1241 603 1306 ticam
618 1243 708 1306 illam
724 1251 814 1306 uetet
830 1244 863 1305 in
878 1252 1056 1324 posterum.
1097 1241 1143 1304 Et
1159 1241 1258 1306 iidem
1276 1242 1403 1323 legatos
1419 1244 1555 1307 mittunt
1570 1242 1805 1326 Carthaginem
1820 1245 1899 1307 scis-

503 1355 649 1430 citatum,
670 1355 845 1437 publicone
865 1355 955 1419 consi
969 1355 1001 1418 io
1023 1353 1172 1416 Annibal
1201 1353 1387 1437 Saguntum
1409 1366 1633 1438 oppugnasset
1642 1354 1662 1420 ¹.
1708 1357 1780 1421 Nec
1801 1366 1900 1421 antea

503 1465 618 1529 uolunt
634 1466 732 1530 indici
745 1465 1059 1548 Carthaginensibus
1075 1465 1207 1544 bellum,
1219 1486 1319 1547 quam
1336 1467 1389 1529 isti
1405 1467 1573 1548 publicum
1585 1477 1764 1531 assererent
1775 1467 1899 1533 factum

502 1587 561 1642 aut
579 1579 649 1661 ipsa
665 1599 718 1642 re:
742 1587 778 1642 ut
798 1589 847 1642 est
869 1577 992 1642 scilicet
1012 1576 1202 1641 ratihabitio
1222 1579 1322 1641 etiam
1340 1577 1456 1642 fortior
1475 1600 1560 1660 quae
1579 1600 1613 1642 re
1633 1579 1679 1658 lit,
1695 1600 1795 1661 quam
1814 1600 1900 1661 quae

503 1689 623 1753 uerbo:
640 1698 673 1753 et
684 1699 734 1752 est
745 1690 857 1754 delicti
868 1711 1000 1772 quoque
1011 1689 1198 1753 ratihabitio
1207 1689 1229 1754 ².
1266 1689 1544 1754 Satisiaciendum
1555 1689 1616 1755 luit
1629 1691 1798 1770 Romanis
1809 1693 1898 1773 quod

502 1799 626 1863 lactum
646 1800 767 1878 luisset,
782 1811 840 1864 aut
855 1821 963 1883 poena
978 1800 1084 1865 soluta
1101 1801 1244 1866 criminis
1260 1803 1303 1865 de
1318 1822 1384 1885 quo
1399 1801 1568 1883 agebatur,
1583 1811 1642 1864 aut
1658 1822 1697 1865 eo
1712 1802 1826 1866 dedito
1842 1803 1898 1884 qui

502 1910 727 1992 deliquerat³z
752 1911 874 1994 alioqui
891 1911 998 1976 inferri
1015 1912 1216 1976 uniuersitati
1237 1912 1361 1976 bellum
1380 1914 1492 1995 possit.
1537 1911 1653 1994 Atque
1671 1915 1717 1977 ita
1735 1915 1768 1976 in
1788 1925 1898 1996 poste·

503 2023 585 2085 riore
597 2023 789 2104 quaestione
803 2023 1024 2101 adfirmamus,
1040 2024 1146 2106 ipsam
1162 2045 1198 2087 se
1213 2025 1460 2088 uniuersitatem
1476 2024 1563 2088 bello
1578 2025 1791 2106 obstringere.
1814 2046 1899 2107 quae

503 2154 578 2197 cum
601 2135 713 2217 possit,
729 2143 763 2198 et
781 2154 859 2198 uero
878 2137 979 2198 etiam
998 2135 1127 2214 debeat,
1145 2157 1221 2200 suos
1240 2137 1273 2198 in
1292 2137 1400 2200 officio
1419 2137 1595 2214 continere,
1613 2138 1676 2200 hoc
1696 2137 1803 2201 sacere
1821 2157 1899 2220 neg-

502 2246 574 2328 ligit
590 2246 686 2310 male.
734 2245 841 2328 Culpa
860 2257 956 2326 caret,
971 2249 1027 2330 qui
1046 2249 1116 2326 scit,
1132 2249 1190 2311 sed
1209 2248 1381 2330 prohibere
1397 2269 1462 2311 non
1479 2249 1576 2311 ualet.
1607 2269 1709 2331 quare
1724 2270 1809 2331 quae
1828 2250 1898 2325 scit,

502 2359 674 2422 admonita
696 2361 898 2437 uniuersitas,
921 2370 954 2423 et
977 2360 1077 2423 debet
1100 2361 1225 2438 eadem,
1246 2369 1422 2442 potestque
1444 2381 1504 2442 per
1525 2381 1619 2423 suam
1642 2361 1898 2424 iurisdictionem

502 2471 675 2552 prohibere
690 2471 810 2534 delicta
826 2492 968 2550 suorum,
985 2471 1017 2535 in
1036 2470 1132 2554 culpa
1148 2472 1216 2550 erit,
1232 2480 1266 2535 et
1284 2474 1317 2534 in
1337 2473 1479 2550 crimine,
1495 2473 1522 2535 si
1541 2492 1607 2535 non
1626 2472 1776 2554 prohibet
1786 2470 1808 2536 ⁴.
1853 2472 1899 2535 Et

503 2583 549 2645 ita
579 2583 707 2646 illatum
738 2583 910 2647 Messeniis
939 2582 1063 2646 bellum
1089 2604 1109 2646 a
1137 2583 1408 2647 Lacedaemoniis
1433 2585 1553 2648 scimus
1583 2584 1627 2647 ob
1657 2583 1898 2647 interfectorem

503 2695 841 2759 Lacedaemoniorum
861 2697 1026 2777 quendam
1045 2717 1110 2759 non
1129 2697 1278 2760 deditum
1289 2696 1310 2762 ⁵.
1357 2697 1452 2760 Haec
1474 2696 1552 2760 belli
1575 2717 1674 2760 causa
1697 2696 1797 2760 Eleos
1815 2697 1899 2759 inter

503 2816 536 2870 et
553 2806 848 2872 Lacedaemonios:
870 2808 959 2889 quod
977 2808 1259 2883 Lacedaemonius
1275 2808 1324 2870 uir
1338 2809 1381 2873 ab
1398 2807 1488 2871 Eleis
1503 2809 1634 2873 habitus
1651 2807 1736 2872 male
1746 2808 1767 2872 ⁰.
1806 2808 1898 2872 Haec

504 2917 726 2982 Israelitarum
757 2939 832 2982 cum
863 2919 1102 2984 Beniaminitis.
1150 2920 1244 2983 Haec
1276 2919 1504 2983 Romanorum
1534 2940 1609 2984 cum
1636 2919 1755 2983 Teuca.
1803 2919 1898 2983 Haec

501 3030 604 3112 plura.
651 3030 696 3094 Et
715 3031 816 3094 nostri
835 3030 917 3093 haec
937 3051 1067 3113 quoque
1086 3031 1133 3094 ita
1154 3032 1274 3094 docent
1294 3032 1487 3113 interpretes
1497 3031 1520 3094 ⁷.
1567 3030 1634 3095 Sed
1654 3040 1687 3095 et
1706 3031 1898 3114 represaliae

501 3143 555 3206 hic
574 3142 760 3206 indicuntur
777 3163 884 3224 saepe,
900 3163 965 3205 non
984 3142 1128 3207 bellum:
1152 3143 1435 3225 quemadmodum
1453 3142 1496 3208 ob
1512 3144 1711 3225 denegatam
1731 3145 1898 3221 iustitiam,

501 3256 547 3319 ita
563 3243 665 3319 etiam
678 3255 721 3318 ob
743 3255 927 3336 neglectam
937 3253 959 3318 ⁸.

546 3367 659 3430 Etiam
694 3366 774 3430 illud
808 3367 965 3430 traditum
997 3376 1055 3447 est,
1085 3387 1151 3431 non
1182 3369 1283 3431 modo
1313 3369 1398 3433 laedi
1432 3368 1600 3450 publicum
1631 3369 1754 3448 foedus,
1781 3369 1808 3432 si
1839 3391 1898 3433 ex·

501 3500 612 3562 presse
648 3488 747 3561 neget
782 3479 978 3542 uniuersitas
1014 3480 1110 3543 laesis
1147 3480 1343 3558 satisfacere,
1378 3481 1436 3544 sed
1474 3481 1574 3544 etiam
1612 3482 1638 3543 si
1676 3481 1777 3563 longo
1814 3490 1898 3545 tem·

501 3612 580 3674 pore
613 3591 695 3655 seret
724 3591 874 3655 iniuriam
907 3591 985 3669 fieri,
1014 3592 1089 3656 licet
1120 3613 1140 3655 a
1172 3593 1331 3674 principio
1366 3591 1456 3655 nulla
1489 3591 1585 3656 luerit
1623 3593 1807 3656 communis
1841 3595 1898 3658 de·

501 3703 651 3767 liberatio
661 3703 682 3766 ⁹.
742 3700 796 3766 Sic
831 3723 911 3766 sane
946 3703 1153 3780 concludunt,
1187 3705 1354 3767 ciuitatem
1391 3705 1494 3768 teneri
1528 3724 1588 3785 pro
1620 3704 1748 3768 delictis
1779 3705 1899 3768 ciuium

502 3835 568 3878 non
591 3816 839 3891 momentaneis
861 3815 919 3877 sed
943 3816 1143 3892 successiuis,
1167 3815 1374 3879 continuatis
1413 3826 1446 3879 et
1472 3814 1535 3880 hoe
1555 3825 1667 3879 tamen
1690 3817 1717 3878 si
1740 3825 1774 3880 et
1796 3816 1898 3893 sciuit,

502 3935 536 3988 et
568 3926 676 4006 potuit
709 3925 890 4006 prohibere.
924 3935 960 3988 ut
995 3925 1158 4006 prohiberi
1189 3926 1373 3990 successiua
1402 3947 1501 4009 posse
1532 3927 1686 3991 uidentur
1714 3949 1735 3990 a
1766 3927 1898 3991 ciuitate

501 4038 648 4120 potenti:
667 4038 744 4119 quia
759 4047 890 4119 tempus
906 4037 1046 4118 supersit
1056 4036 1088 4102 ¹⁰.
1127 4037 1329 4117 Successiua,
1344 4039 1452 4102 dicam
1468 4040 1588 4103 delicta
1603 4060 1645 4102 an
1662 4038 1749 4103 non?
1773 4060 1899 4104 succes·

501 4151 572 4213 siua
591 4159 678 4212 certe
698 4169 737 4212 ea
755 4158 839 4226 sunt,
858 4169 944 4229 quae
963 4169 1037 4212 cum
1059 4150 1203 4230 periculo
1223 4171 1351 4232 magno,
1367 4171 1405 4214 ac
1426 4151 1626 4215 detrimento
1644 4152 1734 4234 regni
1754 4152 1898 4234 Angliae

566 4341 841 4391 ¹Liu.lib.21.c.18.
915 4340 997 4392 ’Ale
1011 4357 1112 4406 5.cons.
1126 4341 1438 4408 51;Cln.§fi.q.87;l.
1453 4343 1656 4407 15r.dereg.iu.
1671 4344 1716 4407 (D.
1729 4347 1833 4408 50.17).

603 4425 682 4477 ³Cie.
698 4439 718 4476 1.
731 4427 788 4476 Ver.
804 4424 879 4474 nubi
893 4424 989 4475 Mauut.
1110 4424 1152 4475 ⁴l.
1167 4439 1206 4488 50·
1223 4440 1277 4491 ¹09·
1288 4427 1319 4475 de
1331 4443 1381 4492 reg.
1394 4427 1426 4478 iu.
1542 4427 1640 4477 'Paus
1652 4427 1696 4478 lib.
1708 4443 1731 4492 4.
1743 4444 1764 4477 c.
1778 4443 1801 4490 5.

580 4509 591 4539 ⁸
607 4509 679 4559 Paus.
690 4509 733 4559 lib.
745 4507 769 4559 6.
834 4493 850 4537 'l
860 4507 916 4558 Alc.
929 4507 946 4558 l.
958 4521 980 4570 5.
992 4508 1023 4557 de
1034 4507 1090 4558 iust.
1103 4509 1149 4570 (D.
1163 4523 1183 4557 1.
1200 4510 1225 4570 1)
1237 4515 1263 4559 et
1274 4524 1342 4560 cons.
1359 4524 1396 4572 ²3·
1408 4510 1451 4561 lib.
1465 4527 1488 4573 5.
1562 4509 1572 4540 ⁸
1590 4511 1663 4561 Rom.
1675 4527 1744 4562 cons.
1759 4511 1813 4578 169.

632 4593 641 4624 ¹
659 4593 721 4645 Dec.
733 4609 800 4645 cons.
812 4591 869 4657 486.
937 4593 955 4622 ¹⁰
973 4592 1040 4642 Ferr.
1052 4607 1120 4642 eous.
1135 4606 1162 4648 ις
1180 4592 1237 4644 Alc.
1250 4593 1274 4644 d.
1289 4606 1331 4656 πμ
1350 4594 1398 4643 Ias.
1409 4592 1426 4644 l.
1441 4607 1478 4657 ²7·
1491 4595 1512 4644 si
1523 4609 1559 4645 ce.
1571 4609 1596 4658 p.
1609 4593 1654 4658 (D.
1669 4608 1707 4644 υ.
1722 4597 1755 4657 1).
