4456 5566
908 719 1314 786 PRAEFATIO.
1771 721 1806 784 ix

324 995 328 1008 ι
410 954 515 1018 Iwill
540 953 666 1020 thanke
691 977 759 1038 you
785 957 835 1020 for
861 957 896 1021 it.
941 957 1025 1022 Fare
1051 979 1118 1041 you
1145 957 1228 1023 well.
1272 957 1373 1022 From
1399 956 1456 1022 the
1483 967 1596 1023 courte
1620 957 1679 1023 the
1706 975 1746 1037 24
1773 957 1811 1022 os

408 1057 599 1122 November
616 1056 699 1140 1580

931 1159 933 1166 ⁴
1032 1164 1151 1229 ‘Your
1165 1164 1296 1248 lovinge
1311 1164 1417 1229 friend

1177 1285 1372 1351 ROBERT
1395 1281 1720 1349 LEYCESTER¹.'
1744 1287 1747 1292 '

460 1473 534 1550 Die
568 1499 633 1550 xrv
666 1476 826 1551 Ianuarii
864 1477 1055 1574 sequentis
1084 1477 1205 1576 gratia
1239 1503 1416 1553 concessa
1451 1494 1509 1551 est
1542 1503 1565 1550 a
1601 1474 1806 1550 uenerabili

405 1611 694 1710 congregatione
730 1613 992 1710 magistrorum
1028 1612 1258 1709 regentium:
1304 1620 1366 1686 ‘ut
1399 1610 1597 1686 Aibericus
1633 1610 1804 1698 Gentilis,

407 1744 580 1820 ‘Ductor
612 1745 708 1820 Iuris
743 1744 873 1820 Ciuilis
903 1745 1046 1820 Perusii
1080 1762 1237 1834 creatus,
1269 1747 1317 1819 sit
1347 1747 1479 1821 eodem
1510 1745 1593 1821 loco
1621 1762 1660 1819 et
1686 1746 1805 1846 gradu

407 1879 493 1953 ‘hic
509 1879 611 1976 apud
629 1904 698 1954 nos
717 1905 794 1977 quo
812 1896 871 1953 est
889 1879 1032 1954 Perusii
1044 1878 1077 1952 ².'

458 2013 584 2089 Huius
602 2014 740 2088 decreti
758 2040 896 2112 paucos
914 2031 999 2112 post
1017 2015 1108 2101 dies,
1122 2012 1312 2087 scilicet1v
1328 2012 1412 2086 Kal.
1430 2013 1634 2102 Februarii,
1649 2013 1805 2088 mentio-

405 2173 490 2222 nem
502 2147 590 2222 sacit
602 2147 800 2222 Albericus
814 2148 851 2221 in
865 2145 1023 2246 epistola
1036 2148 1085 2220 ad
1100 2146 1258 2222 Comitis
1275 2146 1540 2221 Leicestrensis
1554 2149 1803 2224 secretarium.

406 2281 614 2370 ‘Litterae'
639 2283 767 2379 inquit,
796 2293 903 2358 ‘suae
929 2281 1258 2357 commendaticiae
1286 2283 1338 2356 ita
1362 2309 1423 2356 me
1449 2285 1805 2360 commendauerunt

407 2424 475 2489 ‘ut
494 2416 656 2490 habeam
678 2418 750 2491 iarn
777 2417 880 2513 quod
905 2443 971 2514 per
996 2442 1061 2490 eas
1087 2418 1277 2512 petieram.
1333 2417 1544 2514 Cooptatus
1562 2445 1645 2491 sum
1663 2420 1700 2491 in
1719 2419 1803 2494 Col-

406 2549 592 2648 ‘legiumz
632 2552 690 2624 ius
720 2549 827 2624 ciuile
862 2550 1008 2646 publice
1038 2550 1236 2646 profiteor:
1280 2550 1311 2624 si
1347 2550 1437 2647 quid
1467 2548 1602 2625 ualebo
1633 2555 1804 2650 experiar

406 2683 537 2759 ‘breui
549 2683 583 2757 ³.’

456 2819 627 2916 Legebat
651 2819 810 2916 primum
837 2819 874 2890 in
901 2817 1072 2917 Collegio
1101 2818 1148 2891 D.
1172 2817 1251 2891 Ioh.
1276 2816 1478 2914 Baptistae,
1497 2834 1535 2893 et
1557 2845 1578 2893 e
1600 2821 1702 2895 cistis
1728 2848 1803 2898 non

405 2966 548 3025 tantum
580 2947 833 3048 Collegiorum
864 2951 1097 3049 quorundam
1134 2950 1201 3024 sed
1232 2951 1344 3024 etiam
1380 2952 1497 3049 ipsius
1535 2943 1803 3031 Uniuersitatis
1880 3015 1884 3024 .

403 3084 587 3182 stipendia
605 3084 769 3181 percepit
780 3090 802 3156 ⁴.

455 3217 737 3292 Commoratum
769 3243 855 3291 eum
886 3219 922 3289 in
954 3217 1133 3314 Hospitio
1167 3216 1269 3290 Noui
1302 3214 1484 3316 Collegii⁵
1513 3219 1647 3308 lerunt,
1672 3223 1730 3295 cui
1757 3249 1802 3296 ea

404 3366 628 3448 tempestate
646 3350 806 3448 praefuit
823 3351 952 3424 iurista
969 3349 1182 3447 spectabilis
1203 3349 1339 3425 Daniel
1360 3350 1507 3425 Dunne.

445 3621 453 3654 ¹
476 3619 503 3679 E
525 3619 661 3696 Registro
683 3618 722 3677 K.
738 3617 776 3677 K.
796 3617 846 3677 sol.
867 3631 923 3692 317
940 3635 1015 3677 uers.
1036 3616 1210 3676 amicissime
1231 3618 1375 3692 excerpsit
1395 3617 1440 3675 uir
1462 3614 1637 3677 neudum.
1660 3618 1800 3692 Griffiths,

405 3719 434 3778 S.
444 3717 480 3778 T.
489 3717 537 3790 D.,
553 3717 745 3776 Archiuorum
760 3714 963 3775 Uniuersitatls
978 3712 1096 3773 Custos.

443 3815 454 3848 ¹
474 3815 522 3874 Ex
541 3815 647 3875 eodem
666 3813 811 3890 Registro‚
827 3812 875 3872 sol.
892 3815 959 3888 318.
1002 3811 1038 3869 In
1059 3810 1108 3869 sol.
1132 3828 1189 3886 302
1212 3827 1286 3870 uers.
1309 3813 1363 3869 sub
1384 3813 1498 3872 rubrica
1519 3813 1741 3876 ‘Admissiones
1762 3817 1800 3876 ad

404 3912 625 3990 ‘incipiendum
638 3912 669 3970 in
683 3911 830 3972 Facultate
845 3910 927 3982 luris,
942 3927 1022 3970 anno
1037 3927 1157 3969 uuum
1171 3909 1217 3968 die
1231 3909 1259 3967 vi
1274 3907 1387 3968 Martii’
1402 3911 1505 3987 legitur
1513 3929 1563 3969 :-

667 4010 833 4087 ‘Incorpor¹
878 4008 1026 4068 Iohannes
1040 4007 1240 4068 Hottomanus
1282 4006 1392 4083 primus
1406 4006 1517 4082 Gallus,

875 4106 1028 4166 Aibericus
1042 4104 1166 4166 Gentilis
1282 4106 1427 4166 secundus
1442 4107 1539 4167 Italus

443 4206 605 4284 'Epistola
625 4208 656 4266 in
678 4205 814 4266 Archiuis
835 4205 932 4283 Regni
957 4204 1085 4266 Londini
1109 4203 1295 4263 adseruatur:
1325 4202 1393 4264 Uol.
1420 4205 1512 4264 cxlvii.
1539 4205 1672 4266 Domest.
1701 4206 1796 4268 Elina·

401 4303 506 4364 bethae
521 4304 661 4382 Reginae.

442 4403 454 4436 ⁴
474 4402 612 4463 Soluebat
633 4403 706 4463 cista
725 4403 903 4464 Academica
924 4403 1074 4463 annuatim
1093 4402 1182 4462 libras
1202 4402 1238 4461 vi.
1253 4401 1307 4460 sol.
1322 4401 1379 4460 xiii.
1394 4402 1460 4461 den.
1475 4403 1511 4473 iv,
1526 4401 1691 4478 Collegium
1705 4401 1739 4461 B.
1754 4401 1797 4460 M.

403 4499 598 4577 blagdalenae
611 4502 664 4561 sol.
679 4501 726 4564 liii.
742 4502 808 4562 den.
822 4503 858 4562 iv.
893 4533 895 4540 a

443 4598 598 4678 ⁵Anglice
621 4598 697 4660 New
724 4598 782 4660 Inn
806 4600 890 4673 Hall,
915 4601 997 4660 cuius
1022 4616 1101 4660 anno
1130 4619 1239 4672 uonxx,
1264 4596 1435 4674 Principalis
1458 4609 1520 4657 erat
1543 4595 1649 4656 Daniel
1677 4595 1795 4667 Dunne‚

402 4766 593 4780 m*
