4456 5566
711 709 772 762 DE
798 709 903 764 IURE
932 710 1065 778 ΒΕΖΗ,
1097 709 1175 764 LIB.
1199 711 1223 777 l,
1256 709 1342 762 CAP.
1366 709 1420 761 XI.
1723 705 1771 779 49Ι

370 933 584 1032 Marchiones,
604 953 759 1032 Comites,
779 953 933 1033 Ramnes,
952 955 1009 1036 qui
1031 974 1097 1018 non
1118 952 1192 1034 plus
1212 951 1337 1015 habent
1358 950 1392 1012 in
1413 948 1581 1025 Marchiis,
1600 957 1633 1011 et
1655 947 1766 1012 Comi-

368 1066 489 1129 tafibus
511 1065 743 1129 iurisdictionis
767 1074 800 1130 et
822 1066 959 1149 imperii,
982 1085 1083 1148 quam
1109 1066 1151 1128 de
1175 1062 1301 1146 populo
1323 1060 1408 1126 alius
1417 1059 1437 1125 ¹.
1483 1058 1660 1123 ‘Liberae'
1683 1079 1768 1142 quae
1792 1077 1793 1080 ’

368 1176 573 1258 appellantur
591 1177 760 1241 ‘ciuitates
784 1175 1000 1254 Germaniae,’
1020 1176 1097 1240 illae
1119 1184 1205 1253 sunt,
1224 1195 1310 1257 quae
1333 1171 1612 1256 praestationibus
1634 1169 1768 1253 quibus-

369 1287 453 1366 dam,
472 1297 508 1351 ut
531 1288 709 1370 plurimum
732 1289 935 1371 pecuniariis,
953 1288 1132 1353 obstrictae
1156 1286 1361 1369 Imperatori,
1380 1286 1422 1348 de
1446 1283 1571 1366 reliquo
1595 1291 1712 1366 regunt
1733 1303 1769 1346 se

370 1399 455 1480 ipsas
469 1401 602 1482 penitus
611 1399 632 1464 ².
685 1399 802 1482 Atque
819 1401 867 1464 ita
882 1401 914 1464 in
934 1401 1103 1482 proposito
1119 1408 1209 1462 certa
1225 1396 1338 1480 regula
1354 1396 1457 1460 uideri
1478 1403 1598 1478 potest,
1614 1404 1651 1459 ut
1668 1394 1695 1458 si
1711 1395 1767 1477 qui

370 1529 402 1572 re
423 1511 494 1592 ipsa
517 1511 657 1575 retinent
681 1511 847 1594 publicam
870 1511 1030 1574 rationem
1054 1519 1088 1574 et
1110 1509 1264 1592 speciem,
1282 1506 1316 1570 hi
1339 1507 1461 1572 subditi
1489 1506 1555 1570 sint
1578 1507 1612 1570 in
1634 1506 1769 1588 quibus·

370 1621 464 1686 dam:
491 1632 549 1686 aut
574 1624 617 1686 de
643 1632 773 1687 caetero
798 1623 931 1700 subditi,
952 1621 986 1684 hi
1013 1623 1047 1685 in
1071 1621 1271 1704 quibusdam
1294 1620 1360 1683 sint
1388 1639 1448 1682 nec
1473 1618 1606 1682 subditi.
1661 1618 1707 1681 Et
1733 1618 1767 1681 in

370 1732 464 1814 priori
483 1752 568 1812 casu,
585 1733 645 1796 nisi
665 1733 778 1816 religio
796 1743 939 1815 excepta
960 1732 1152 1810 ostenditur,
1169 1733 1304 1796 omnino
1326 1750 1385 1795 nec
1406 1730 1535 1794 obtinet
1554 1728 1703 1792 definitio
1725 1729 1767 1792 de

370 1843 517 1908 cedendo
533 1845 738 1927 magistratui
755 1865 895 1908 summo.
926 1843 1115 1927 posteriore,
1130 1845 1246 1908 itidem
1270 1843 1331 1906 nisi
1354 1841 1469 1924 religio
1492 1849 1634 1923 excepta
1656 1849 1768 1904 osten-

370 1953 463 2033 ditur,
482 1953 673 2020 delendeter
691 1956 774 2020 sorte
794 1955 952 2036 definitio,
971 1966 1007 2020 ut
1031 1956 1237 2037 magistratui
1259 1954 1445 2018 cedendum
1467 1953 1517 2016 sit.
1573 1952 1662 2015 Nam
1685 1953 1768 2016 ratio

368 2066 533 2148 utriusque
555 2067 772 2132 conclusionis
791 2068 927 2146 uidetur,
946 2066 1035 2150 quod
1058 2066 1212 2148 exceptio
1235 2073 1362 2130 statuat
1384 2064 1533 2148 regulam
1558 2064 1592 2127 in
1615 2084 1682 2128 non
1705 2085 1767 2128 ex-

371 2179 479 2259 ceptis.
525 2177 726 2244 ‘Obstrictio
749 2180 783 2242 in
804 2178 1001 2262 quibusdam
1026 2178 1155 2242 uidetur
1176 2198 1197 2241 a
1218 2177 1355 2242 caeteris
1379 2175 1536 2251 liberare,’
1555 2185 1591 2240 ut
1614 2183 1693 2259 apte
1714 2175 1767 2239 hic

371 2288 493 2352 dictum
512 2299 563 2353 est
573 2288 594 2353 ³.
639 2291 685 2354 Et
705 2289 795 2354 locus
813 2289 979 2354 subiectus
1000 2289 1098 2353 certis
1121 2289 1226 2372 pactis
1241 2299 1275 2352 et
1298 2287 1551 2366 conditionibus,
1574 2287 1607 2350 in
1630 2287 1768 2351 caeteris

372 2409 481 2464 manet
498 2400 580 2464 liber
588 2399 611 2463 ⁴.
657 2401 703 2465 Et
719 2402 775 2484 qui
793 2421 828 2465 se
846 2401 985 2465 subiecit
1003 2401 1037 2463 in
1054 2400 1260 2482 quibusdam,
1276 2399 1407 2463 uidetur
1425 2419 1460 2462 se
1478 2419 1625 2462 seruasse
1642 2398 1676 2462 in
1695 2398 1769 2462 reli·

372 2510 441 2590 quis
463 2509 602 2575 liberum
613 2511 635 2576 ⁵.
689 2510 757 2577 Sed
781 2522 829 2576 est
852 2520 965 2575 tamen
988 2510 1145 2574 infirmior
1168 2511 1312 2574 secunda
1334 2508 1495 2573 collectio.
1541 2508 1708 2591 Quoniam
1731 2518 1768 2574 ut

371 2625 523 2705 exceptio
540 2632 664 2687 statuat
683 2623 830 2706 regulam
849 2624 882 2686 in
901 2623 1054 2687 omnibus
1072 2641 1139 2686 non
1158 2622 1326 2704 exceptis:
1358 2640 1423 2684 non
1442 2630 1556 2684 tamen
1575 2641 1689 2684 uemm
1709 2630 1769 2700 est,

293 2773 298 2784 -
372 2741 406 2796 ut
427 2735 489 2796 sub
511 2735 656 2816 regulam
680 2734 863 2813 concludat,
882 2734 971 2817 quod
993 2732 1075 2797 alias
1098 2732 1289 2797 conclusum
1310 2752 1377 2796 non
1396 2731 1512 2795 loretl.
1556 2730 1673 2814 Atque
1695 2733 1768 2796 reli-

371 2843 474 2926 gionis
497 2865 629 2910 causam
652 2868 718 2911 non
738 2866 809 2910 esse
827 2845 1024 2925 conclusam,
1047 2845 1155 2909 uen'us
1173 2843 1280 2909 fuerit.
1310 2845 1388 2926 quia
1406 2843 1439 2906 in
1457 2843 1547 2908 omni
1566 2844 1769 2908 subiectione

372 2965 403 3020 et
425 2958 514 3020 omni
534 2958 742 3050 iureiurando
765 2959 907 3022 creditur
922 2977 1053 3040 semper
1067 2958 1212 3039 supremi
1228 2956 1387 3038 Principis
1407 2955 1584 3020 auctoritas
1602 2965 1769 3020 resemata

373 3078 405 3132 et
430 3070 531 3136 salua.
561 3071 673 3154 itaque
700 3079 733 3134 et
759 3070 867 3134 cultus
897 3068 1000 3131 diuini
1032 3068 1114 3132 ratio
1124 3067 1148 3130 ⁷.
1209 3068 1349 3132 ‘Estote
1374 3067 1497 3132 subditi
1528 3064 1768 3150 potestatibus’

372 3180 475 3264 inquit
500 3183 692 3266 Apostolus.
722 3182 811 3265 quod
839 3200 937 3244 nemo
964 3189 1077 3243 tamen
1104 3199 1171 3243 non
1198 3179 1244 3243 sic
1266 3178 1429 3261 intelligit,
1451 3179 1512 3242 nisi
1535 3178 1563 3241 si
1589 3178 1668 3261 quid
1692 3177 1768 3242 illae

370 3294 572 3376 praecipiant
589 3295 732 3358 alienum
754 3315 774 3357 a
794 3293 884 3357 cultu
904 3291 967 3354 Dei
978 3289 1001 3353 ⁸.
1047 3291 1093 3354 Et
1110 3288 1314 3354 Canonicum
1331 3291 1381 3353 ius
1396 3291 1496 3372 igitur
1510 3310 1576 3353 non
1595 3290 1685 3352 ualet
1703 3288 1765 3365 hic,

372 3407 458 3485 quod
485 3408 528 3471 de
553 3404 743 3489 Augustino
769 3404 858 3482 dicit,
882 3403 1041 3466 ‘Pactum
1067 3402 1233 3465 societatis
1260 3401 1424 3464 humanae
1451 3399 1612 3482 generale,
1634 3400 1766 3481 regibus

372 3515 553 3583 ‘obedire:'
577 3519 636 3582 sed
663 3516 769 3598 magis
795 3515 883 3598 quod
909 3513 1003 3577 affert
1027 3513 1070 3576 de
1098 3510 1268 3593 Gregorio,
1285 3513 1513 3576 admonendos
1536 3511 1695 3588 subditos,
1717 3531 1766 3588 ne,

371 3625 558 3711 plusquam
575 3631 723 3712 expedit,
735 3629 800 3692 sint
816 3626 964 3691 subiecti.
991 3623 1038 3687 Et
1051 3625 1085 3686 id
1100 3643 1205 3705 genus
1220 3623 1284 3686 alia
1300 3622 1449 3705 plurima,
1462 3632 1496 3686 et
1512 3624 1554 3687 de
1565 3622 1765 3705 Augustin0,

373 3748 405 3802 et
421 3741 463 3804 de
479 3741 578 3805 aliis⁹.
625 3742 671 3805 Et
687 3760 765 3820 ergo
780 3740 823 3804 de
838 3738 995 3820 religione
1010 3755 1141 3799 sensum
1160 3733 1240 3797 nihil
1257 3755 1328 3798 esse
1346 3735 1596 3812 existimaueris,
1615 3755 1766 3799 sermone

372 3859 535 3934 utcunque
564 3853 717 3935 generali.
747 3872 814 3934 quo
844 3870 910 3914 non
940 3849 973 3911 id
1004 3847 1196 3924 continetur,
1225 3846 1313 3928 quod
1340 3846 1397 3928 qui
1428 3845 1571 3928 loquitur
1597 3866 1765 3930 nunquam

373 3964 594 4045 expressisset,
611 3973 668 4028 aut
689 3963 854 4047 pollicitus
873 3961 987 4024 luisset
997 3958 1030 4023 ¹⁰.
1076 3959 1122 4022 Et
1142 3957 1209 4022 tale
1229 3967 1279 4021 est
1298 3957 1468 4041 negotium
1483 3957 1657 4040 religionis,
1675 3962 1766 4041 quod

373 4071 453 4152 Deo,
477 4095 543 4139 non
569 4074 699 4139 Caesari
725 4074 909 4157 adprobare
932 4080 1071 4153 oportet.
1095 4071 1130 4132 in
1156 4089 1223 4151 quo
1250 4073 1398 4151 ‘oportet
1425 4069 1500 4133 Deo
1527 4070 1641 4154 magis,
1665 4092 1765 4155 quam

372 4183 579 4250 ‘hominibus
602 4186 735 4250 obedire
743 4182 785 4250 ¹¹.'
831 4184 989 4268 Quinimo
1012 4182 1039 4245 si
1063 4181 1228 4262 religionis
1254 4201 1369 4244 caussa
1394 4201 1617 4265 expressaque
1642 4182 1766 4262 luisset,

372 4397 380 4426 ¹
398 4398 456 4450 Dec.
469 4413 491 4462 3.
503 4417 570 4452 cons.
586 4415 628 4466 19;
640 4401 717 4467 Ceph.
730 4399 786 4465 ⁶15.
822 4399 914 4449 ’Gula
923 4408 947 4461 73
960 4398 1003 4446 Al.
1014 4397 1032 4446 l.
1041 4397 1104 4459 3.de
1111 4413 1135 4448 u.
1144 4396 1170 4448 S.
1178 4396 1224 4460 (D.
1234 4408 1273 4458 50.
1284 4395 1333 4457 16).
1373 4395 1383 4426 ⁸
1394 4395 1448 4447 Bal.
1458 4411 1480 4460 5.
1490 4412 1556 4447 cons.
1565 4411 1625 4460 409;
1637 4396 1699 4446 Dec.
1712 4411 1765 4459 15²·

491 4483 601 4534 Castald.
613 4485 644 4534 de
655 4485 719 4549 Imp.
734 4498 788 4549 159.
892 4481 902 4511 ⁵
918 4481 993 4531 Rom.
1005 4495 1073 4530 cons.
1085 4495 1141 4543 444.
1244 4477 1254 4506 ⁸
1271 4479 1386 4528 Panorm.
1399 4493 1421 4528 c.
1432 4484 1524 4537 nostra,
1537 4478 1568 4525 de
1579 4477 1667 4542 sepult.

419 4563 428 4593 ²
445 4564 462 4616 l.
475 4565 519 4617 ult.
529 4566 561 4616 de
572 4566 598 4616 in
609 4567 647 4617 ius
658 4582 713 4618 uoc„
727 4566 772 4630 (D.
786 4580 808 4615 a.
820 4567 848 4628 4)
857 4564 900 4614 ubi
912 4564 960 4614 Ius.
972 4562 1059 4613 etalii.
1179 4559 1189 4590 ¹
1205 4561 1279 4609 Rom.
1293 4573 1337 4621 13;
1355 4557 1417 4608 Dec.
1429 4573 1501 4606 serm.
1512 4567 1570 4622 post
1581 4573 1648 4607 cons.
1662 4571 1716 4620 ¹51·

372 4645 413 4696 'c
427 4660 448 4696 a.
458 4647 515 4698 dist.
527 4649 556 4706 8;
573 4665 595 4699 c.
607 4663 636 4712 51
649 4655 675 4699 et
686 4665 752 4715 seqq.
762 4661 799 4699 11.
811 4663 835 4713 q.
846 4661 868 4710 3.
928 4646 946 4676 ¹⁰
957 4645 974 4696 l.
987 4645 1010 4696 6.
1022 4645 1053 4695 de
1065 4643 1132 4709 pign.
1146 4641 1191 4706 (D.
1204 4641 1293 4702 ro.1);
1308 4639 1388 4704 Ceph.
1400 4653 1468 4688 cons.
1478 4637 1534 4701 642.
1592 4637 1609 4666 ¹²
1621 4639 1678 4688 Act.
1691 4653 1713 4701 5.
1728 4653 1766 4705 ²9·

1056 4837 1083 4884 H
