4456 5566
449 667 529 731 xviii
949 663 1350 727 PRAEFATIO.

441 918 610 993 practerea
634 924 769 970 munera
794 912 827 967 et
849 903 975 967 minuta
1000 903 1075 968 haec
1104 925 1167 967 non
1196 904 1432 986 susciperentur
1452 903 1593 980 libenter,
1620 905 1679 968 uix
1698 905 1776 982 eius,
1798 903 1853 966 oni

449 1013 656 1095 offerruntnr,
677 1018 820 1072 constare
839 1006 878 1070 a'c
902 1007 1104 1072 humanitate
1118 1018 1232 1090 posset,
1255 1018 1287 1072 et
1309 1017 1337 1072 te
1357 1029 1431 1071 uero
1450 1029 1522 1071 cum
1535 1008 1668 1090 gesseris
1688 1007 1851 1089 splendore

448 1114 718 1189 illustrissimum,
745 1111 855 1175 auimo
883 1111 999 1174 excelso
1020 1111 1353 1192 praestantissimum,
1378 1112 1500 1174 uirtute
1529 1111 1674 1174 militari
1700 1120 1733 1172 et
1758 1109 1853 1173 ciuili

449 1218 704 1295 ornatissimum,
734 1225 802 1278 tum
834 1214 933 1278 etiam
969 1213 1172 1280 humanitate
1202 1213 1468 1278 laudatissimum
1500 1214 1658 1279 nouimus.
1717 1213 1851 1296 Suscipe

448 1322 551 1404 egitur
573 1321 809 1401 inpraesentia
833 1318 959 1400 qualem
986 1318 1163 1382 uoluntatis
1188 1338 1276 1382 meac
1298 1318 1424 1399 qualem
1451 1318 1740 1401 significationem:
1771 1338 1849 1380 nam

448 1425 600 1507 offeretur
620 1445 695 1487 mox
705 1423 894 1505 perfectum,
916 1421 1003 1503 quod
1019 1422 1164 1500 meditor,
1179 1433 1276 1504 opus:
1300 1421 1335 1485 in
1355 1443 1417 1503 quo
1424 1431 1557 1504 partem
1578 1423 1672 1498 iuris,
1693 1431 1731 1486 ut
1750 1419 1849 1496 uides,

449 1527 692 1604 nobilissimam,
720 1527 799 1589 aliis
827 1525 1038 1590 intractatam
1066 1536 1099 1589 et
1118 1525 1281 1608 plerisque
1309 1525 1456 1590 omnibns
1486 1527 1594 1588 minus
1622 1534 1770 1606 apertam
1799 1545 1851 1588 eu·

449 1653 578 1713 sequor:
600 1651 740 1714 quaeque
759 1639 788 1694 te
804 1628 1001 1711 duruissima
1017 1639 1072 1705 est,
1081 1629 1267 1710 fortissime
1286 1649 1397 1692 conces.
1427 1629 1486 1711 qui
1498 1628 1736 1710 fortitudinem
1761 1637 1851 1690 tuam

449 1735 567 1800 scilicet
579 1734 715 1816 Anglici
726 1734 888 1815 equitatus
906 1732 975 1797 dnn
988 1755 1050 1797 non
1067 1733 1121 1797 his
1142 1733 1242 1810 modo,
1257 1732 1427 1814 Belgisque
1447 1733 1549 1811 sociis,
1564 1731 1624 1796 sed
1639 1741 1673 1796 et
1691 1730 1852 1813 Hispanis

449 1838 600 1913 hostibus,
617 1838 652 1900 iu
669 1858 805 1919 quornm
820 1847 964 1900 conserta
978 1837 1113 1918 agmina
1122 1836 1322 1918 peruadebas
1336 1835 1411 1899 belli
1418 1835 1550 1918 fulmen
1566 1832 1719 1922 (etpaene
1728 1845 1814 1917 puer
1822 1833 1850 1919 l)

451 1951 617 2004 aeteruum
625 1940 779 2022 probasti.
825 1939 856 2002 Α
862 1949 876 2001 t
885 1938 1041 2021 facinora
1054 1939 1278 2021 pulcherrima
1298 1938 1374 2002 haec
1396 1949 1461 2018 tua,
1476 1961 1615 2022 quaeque
1634 1938 1706 2002 edes
1723 1938 1758 2001 iu
1776 1949 1851 2020 pos-

453 2054 556 2108 terum
579 2043 734 2121 maxima,
741 2042 870 2125 facient
889 2042 952 2106 alii
969 2043 1161 2117 clarissima,
1176 2052 1210 2105 et
1228 2043 1427 2125 inperpetuo
1449 2043 1515 2106 luce
1535 2043 1736 2108 collocabunt.
1766 2063 1787 2104 a
1803 2061 1852 2104 nce

451 2147 492 2212 id
501 2147 604 2230 capies
619 2146 855 2230 inpraesentia,
864 2155 925 2210 aut
936 2147 1162 2229 etiampatere,
1174 2156 1212 2210 ut
1224 2167 1304 2230 quae
1320 2146 1660 2229 maac’muspoetarum
1674 2146 1852 2209 desummo

453 2252 556 2316 milite
568 2252 687 2330 cecinit,
701 2271 756 2333 ego
770 2251 809 2314 ele
825 2261 854 2314 tc
866 2250 922 2313 cui
933 2250 1126 2314 conueniunt
1130 2251 1237 2333 plane,
1253 2250 1331 2314 aliis
1343 2272 1458 2315 canam
1475 2251 1601 2333 ignotos.

703 2439 778 2512 Se'l
805 2439 891 2514 vedi
918 2439 1091 2514 fulminas
1117 2467 1162 2512 ne
1189 2439 1317 2514 l'arme
1343 2438 1496 2514 auuolto

706 2572 828 2646 Marte
856 2570 892 2646 lo
920 2573 1028 2658 stimi,
1058 2573 1188 2659 Amor,
1216 2599 1257 2645 se
1285 2597 1415 2668 scopre
1443 2571 1466 2644 il
1494 2571 1632 2648 u01t01.

508 2763 584 2827 Vale
597 2772 630 2826 et
645 2763 753 2827 Saluo.
795 2762 894 2826 Onon.
912 2775 953 2824 111
970 2762 1086 2826 Nonas
1103 2762 1256 2840 Octobris,
1274 2776 1536 2828 M.D.Lxxxv111.

506 2956 570 3029 Ad
588 2957 940 3030 commentationem
960 2957 1159 3029 secundam
1176 2984 1233 3029 :——

498 3121 580 3184 Ecce
603 3122 669 3201 tibi,
690 3143 791 3185 comes
812 3121 1074 3200 excellentissime,
1096 3122 1233 3186 secunda
1254 3123 1293 3186 de
1315 3124 1386 3186 iure
1410 3125 1485 3189 belli
1502 3127 1731 3202 comnceutatio,
1755 3145 1853 3210 quam

456 3225 530 3288 istis
547 3223 652 3306 feriis
673 3224 831 3290 dedolani.
864 3226 1067 3307 nequeenim
1091 3235 1219 3290 tantum
1245 3249 1266 3290 a
1292 3249 1421 3290 munere
1446 3227 1531 3292 mihi
1554 3231 1641 3294 alcas
1665 3241 1763 3294 uacat
1781 3252 1854 3294 aca-

455 3327 583 3406 demico,
605 3337 644 3392 ut
667 3327 746 3392 aliis
771 3339 930 3410 superesse
953 3329 1100 3411 operibus
1120 3330 1250 3410 possim.
1285 3330 1384 3394 immo
1409 3350 1485 3396 uero
1510 3333 1597 3414 quod
1617 3334 1744 3397 ualeam
1772 3333 1857 3398 illud

453 3432 574 3514 explere
599 3431 633 3496 iu
658 3452 788 3496 summa
816 3452 926 3496 rerum
952 3433 1096 3496 omnium
1122 3433 1284 3514 angustia,
1309 3454 1391 3516 quae
1413 3454 1463 3497 me
1492 3435 1632 3518 undique
1647 3438 1778 3518 premit,
1802 3458 1855 3502 me

455 3544 561 3600 tamen
589 3534 674 3600 hisce
703 3537 895 3620 temporibus
922 3537 1145 3619 conquiescam,
1170 3537 1227 3601 hoe
1254 3537 1287 3600 si
1307 3537 1405 3602 scires
1434 3538 1662 3616 admirareris,
1691 3551 1772 3605 certe
1799 3562 1855 3622 ego

455 3639 604 3704 admiror
628 3661 689 3704 uon
717 3640 926 3707 mediocriter.
977 3642 1098 3705 (leretur
1122 3641 1201 3704 dum
1230 3641 1336 3706 herois
1362 3643 1618 3724 magnisonae,
1638 3645 1731 3724 sorte
1755 3645 1855 3710 etiam

454 3743 661 3823 expectationi
689 3746 768 3808 noui
795 3746 901 3808 nostri
933 3746 1119 3810 cancellarii
1154 3745 1375 3810 illustrissimi
1382 3745 1403 3824 ²,
1432 3757 1527 3828 atque
1556 3747 1739 3813 academiae
1767 3748 1858 3813 beno.

456 3847 607 3910 merentis
627 3847 772 3928 opinioni
790 3847 874 3912 satis
896 3849 981 3912 mihi
989 3848 1183 3929 sace'endum
1204 3869 1270 3912 esse
1293 3849 1384 3912 eosdm
1396 3874 1406 3910 :
1428 3851 1515 3933 quod
1526 3862 1590 3932 per
1606 3852 1732 3933 ingenii
1753 3851 1855 3914 tenni·

456 3956 562 4023 tanen,
585 3949 776 4013 eruditionis
804 3951 1022 4032 exiguitatem,
1049 3954 1164 4016 horum
1194 3952 1456 4016 adrumentorum
1481 3955 1631 4037 mopiam,
1656 3955 1771 4038 quibus
1793 3954 1858 4019 alii

455 4050 541 4113 nulli
561 4052 627 4114 mei
649 4053 778 4117 ordinis
801 4055 873 4119 uiri
893 4055 1122 4130 destituuntur,
1138 4056 1252 4136 facere
1276 4057 1340 4139 ipse
1363 4079 1425 4122 non
1444 4071 1601 4140 possnm;
1633 4059 1671 4124 id
1693 4059 1856 4123 laboribus

454 4153 616 4236 improbis,
645 4156 806 4220 constanti
832 4168 1046 4242 perpetuaque
1081 4159 1252 4241 diligentia
1287 4162 1538 4244 extorquendum
1568 4172 1623 4242 est,
1650 4162 1703 4226 uel
1731 4163 1764 4228 si
1796 4162 1856 4226 snb

455 4265 543 4321 tauto
565 4259 694 4323 tandem
715 4261 824 4325 studeo
840 4262 1029 4343 satisfacere
1049 4284 1107 4338 me,
1126 4272 1158 4325 et
1176 4266 1374 4328 succumbere
1398 4267 1585 4330 accessesit.
1632 4267 1722 4330 Haec
1747 4274 1855 4342 tecum,

620 4471 628 4504 ¹
651 4471 758 4530 Tassm
774 4472 881 4550 Solym.
898 4493 962 4532 can.
982 4493 1005 4532 ι.
1023 4476 1070 4550 58.

616 4569 627 4602 ²
648 4568 718 4628 Erat
732 4570 778 4628 ille
793 4569 1016 4648 Christopherus
1032 4571 1153 4644 Hauon,
1171 4573 1221 4650 qui
1235 4584 1263 4632 et
1278 4573 1477 4634 Cancellarius
1489 4573 1614 4652 Angliae
1630 4573 1690 4632 fuit.

459 4703 668 4714 *-
