4456 5566
892 704 1301 772 PRAEFATIO.

915 1049 1143 1148 Typograptas
1164 1065 1280 1128 ociori.

436 1231 511 1296 Has
524 1232 608 1298 duas
622 1233 661 1298 de
674 1236 754 1299 Iure
768 1236 854 1301 Belli
867 1237 1152 1314 commentationes,
1169 1236 1266 1300 tertia
1285 1235 1377 1300 breiii'
1396 1236 1604 1300 subsecutura
1620 1245 1675 1308 est,
1692 1255 1791 1316 quom

390 1336 566 1417 separatim
587 1337 678 1402 edere
694 1360 854 1418 curamus,
870 1350 973 1423 utpote
994 1340 1159 1403 diuersam
1175 1360 1196 1402 a
1211 1339 1329 1402 bellicis
1350 1339 1535 1416 actionibus,
1549 1337 1589 1401 de
1602 1349 1682 1419 pace
1702 1338 1790 1401 enim

391 1458 429 1501 ae
441 1437 631 1518 foederibus
654 1451 709 1520 est,
731 1452 770 1506 ut
788 1443 852 1526 ipse
876 1442 917 1509 ab
943 1465 996 1509 ore
1018 1443 1159 1508 amtoris
1183 1443 1304 1525 excepi.-
1332 1443 1425 1506 cuius
1446 1442 1558 1506 uelde
1578 1441 1791 1524 legationibus

390 1539 490 1605 libros
518 1542 620 1607 denuo
648 1546 843 1611 exardendo's
872 1547 1080 1626 demeremus,
1109 1546 1168 1611 sed
1195 1547 1294 1610 multo
1323 1569 1421 1630 quam
1451 1557 1545 1612 antea
1575 1545 1733 1610 auctiores
1760 1557 1794 1610 et

389 1645 545 1712 cultioris.
589 1648 642 1711 Et
660 1651 925 1716 commentarium
948 1651 995 1716 ad
1015 1652 1146 1716 tiliolum
1160 1651 1371 1733 Digestonim
1393 1651 1432 1715 de
1452 1650 1629 1716 Uerboium
1654 1649 1792 1732 Signifi-

389 1747 519 1812 catione.
548 1760 644 1833 atque
663 1752 722 1816 di'u
741 1764 935 1837 expectatum
956 1754 996 1819 de
1017 1753 1262 1821 condicionibus
1282 1764 1369 1836 opus.
1413 1754 1554 1818 Inurim
1573 1753 1674 1817 amice
1696 1753 1791 1818 lector
1905 1773 1908 1783 ·

389 1849 443 1914 liis
448 1851 576 1932 fruere,
591 1865 624 1918 et
642 1856 730 1921 Uale.

440 2069 543 2142 Ante
563 2069 671 2143 finem
698 2073 785 2144 anni
804 2095 1003 2144 nonxxxm
1026 2071 1075 2144 ab
1099 2071 1232 2144 eodem
1262 2070 1429 2144 Iohanne
1448 2069 1586 2145 Wolfio
1604 2095 1788 2144 commen-

390 2201 482 2275 tatio
501 2203 610 2276 tertia
630 2204 790 2278 Londini
808 2204 909 2278 edita
927 2221 985 2279 est
997 2211 1019 2276 ¹.

443 2344 654 2443 Unicuique
691 2348 994 2421 commentationi
1031 2345 1195 2443 praefixa
1234 2363 1293 2421 est
1327 2345 1643 2444 praefatiuncula;
1685 2349 1789 2422 cuius

389 2494 558 2554 tenorem
576 2505 713 2576 operae
732 2481 891 2578 pretium
911 2481 1071 2556 sortasse
1090 2497 1148 2555 est
1165 2481 1225 2553 hic
1243 2497 1421 2577 repetere.

438 2622 502 2694 Ad
520 2624 871 2698 commentationem
890 2625 1047 2720 primam
1065 2623 1224 2722 legimus
1237 2651 1298 2697 :-

832 2823 950 2896 ROB.
986 2821 1333 2897 DEUORAXIO

828 3006 906 3070 1111ῃο
930 3004 1102 3070 COMITI
1131 3005 1347 3072 ESSEXIO.

884 3177 1036 3236 Albericus
1059 3176 1192 3250 Gentilis,
1215 3177 1243 3236 S.
1257 3179 1289 3236 P.

431 3353 583 3436 Cogitaui
605 3353 749 3436 equidem
767 3353 903 3435 plurios,
925 3352 1146 3418 illustrissime
1168 3352 1296 3428 Esseni,
1325 3351 1478 3434 quomodo
1500 3371 1572 3416 eam
1600 3371 1681 3434 quae
1704 3373 1784 3435 erga

386 3467 415 3522 te
438 3468 487 3522 est
510 3457 620 3523 animi
642 3459 707 3522 mei
719 3457 895 3542 propensio,
918 3477 981 3519 non
1007 3455 1106 3518 nudis
1127 3455 1242 3530 uerbis,
1265 3455 1325 3518 sed
1335 3453 1430 3535 sacto
1453 3455 1563 3537 aliquo
1583 3465 1783 3522 contestarer.

391 3562 512 3626 Uerum
519 3571 653 3643 praeter
665 3561 734 3626 alia
752 3560 979 3644 impedimenta
998 3558 1109 3623 obiecit
1126 3578 1159 3622 se
1180 3567 1303 3641 semper
1319 3579 1443 3635 munus,
1458 3557 1545 3639 quod
1561 3559 1597 3622 i'u
1618 3559 1784 3625 academia

377 3685 465 3748 giro,
479 3666 623 3748 quodque
643 3687 705 3730 non
724 3666 758 3729 in
777 3665 831 3728 ln's
848 3663 967 3728 litteris
989 3673 1151 3738 uersatur,
1166 3683 1307 3744 quarum
1325 3682 1380 3744 ego
1401 3661 1522 3724 donum
1547 3661 1608 3726 tibi
1622 3662 1785 3728 adornare

383 3768 575 3834 desiderari.
593 3767 767 3835 Cunctatus
776 3769 884 3851 itaque
893 3789 986 3843 sum,·
999 3789 1096 3850 neque
1106 3767 1203 3831 istam
1213 3765 1305 3830 niodo
1312 3767 1605 3830 commentationem
1614 3766 1783 3848 deferrem,

382 3892 462 3954 quae
483 3871 578 3936 liabet
596 3894 673 3937 sane
693 3882 930 3955 argumentum,
952 3871 1041 3953 qnod
1058 3871 1158 3953 cupio,
1180 3869 1239 3933 sed
1258 3891 1331 3934 cum
1354 3870 1458 3934 iustae
1481 3870 1685 3934 tractationis
1706 3883 1783 3953 opus

385 3976 579 4052 maluissem,
593 3977 840 4059 comitatumque
853 3975 980 4040 duabus
994 3974 1135 4057 reliquis,
1150 3993 1276 4038 moram
1291 3972 1397 4037 adbuc
1411 3974 1582 4038 traici'ssem
1597 3975 1780 4056 longiorem,

383 4077 450 4142 nisi
461 4078 619 4144 crederem
635 4080 763 4144 tandem
778 4081 893 4158 satius,
910 4089 948 4143 ut
960 4079 1173 4163 praemittam
1193 4077 1237 4153 id,
1253 4076 1407 4160 quicquid
1422 4087 1478 4152 est,
1493 4099 1591 4160 quam
1607 4087 1645 4142 nt
1657 4077 1784 4142 diutius

384 4181 471 4246 niliil
488 4182 610 4266 agendo
638 4184 853 4250 commodiora
883 4184 969 4250 milii
997 4195 1146 4267 tempora,
1169 4182 1262 4263 sorte
1291 4204 1335 4246 an
1356 4181 1504 4262 frustra,
1532 4192 1693 4265 expectem.
1739 4183 1784 4247 Si

424 4485 434 4517 ¹
454 4484 554 4550 Refert
563 4484 714 4562 Benignus
725 4485 1007 4546 commentationum
1017 4485 1102 4544 trium
1113 4483 1272 4544 editionem
1282 4483 1376 4542 forma
1384 4483 1534 4542 octonaria
1542 4501 1622 4541 anno
1631 4499 1781 4541 uotxxinx

384 4579 519 4660 Lugduni
534 4602 673 4644 excusam
688 4603 760 4657 esse,
776 4604 865 4662 quam
881 4586 1001 4662 quidem
1015 4602 1076 4644 non
1091 4584 1158 4643 uidi.

1433 4747 1783 4764 Μ

769 4765 776 4770 .
780 4761 1010 4771 mm·-
