4456 5566
488 850 526 914 16
972 857 1174 912 ncuunrcr
1201 845 1402 912 obituram

485 1105 732 1184 controuersias,
748 1125 823 1169 cum
840 1106 973 1168 easdem
989 1105 1082 1170 finire
1096 1113 1195 1170 antea
1214 1125 1280 1168 non
1300 1105 1470 1186 potuisset,
1486 1105 1619 1187 quando
1635 1124 1695 1169 nec
1712 1115 1791 1170 erat.
1838 1105 1888 1172 Ut

485 1219 531 1282 sic
561 1218 594 1281 in
620 1216 756 1281 historia
782 1217 952 1300 disputant
979 1216 1161 1301 Philippici.
1219 1215 1396 1281 Caeterum
1423 1216 1579 1280 ridicule:
1614 1226 1650 1280 ut
1677 1218 1778 1281 modo
1805 1218 1887 1281 dixi.

486 1329 532 1393 Et
556 1349 694 1412 magnus
718 1328 902 1411 Imperator
923 1328 1107 1394 Fridericus
1130 1349 1197 1393 non
1221 1329 1253 1392 in
1278 1330 1400 1394 caussis
1423 1328 1560 1412 priuatis
1583 1328 1692 1406 modo,
1716 1330 1773 1392 sed
1797 1337 1831 1393 et
1854 1330 1888 1393 in

486 1439 624 1522 publicis
647 1440 723 1504 iuris
746 1441 837 1522 regni
861 1461 938 1504 usus
961 1439 1112 1518 consiliis,
1135 1451 1169 1505 et
1192 1441 1373 1504 sententias
1396 1449 1527 1504 secutus
1550 1438 1679 1503 illorum
1703 1449 1887 1504 nostrorum

486 1563 545 1629 est,
565 1551 707 1635 Bulgari,
727 1551 870 1630 Martini,
890 1551 1012 1632 Iacobi,
1032 1551 1194 1634 Hugonis,
1209 1551 1348 1616 aliorum
1369 1549 1709 1615 Iurisconsultorum¹.
1755 1550 1888 1616 Scilicet

487 1663 712 1729 Iurisconsulti
728 1662 1046 1729 nec'concluduntur
1061 1663 1150 1727 libris
1167 1663 1348 1728 Iustiniani.
1387 1673 1423 1727 ut
1439 1681 1499 1726 nec
1515 1661 1604 1726 libris
1622 1661 1739 1726 Galeni
1757 1661 1888 1742 Medici,

487 1796 546 1841 nec
570 1776 660 1839 libris
682 1774 874 1839 Aristotelis
901 1773 1102 1858 Philosophi,
1127 1795 1187 1840 nec
1213 1774 1285 1838 aliis
1311 1773 1386 1837 ullis
1411 1773 1475 1846 alii,
1499 1793 1609 1838 sacros
1635 1774 1661 1836 si
1688 1774 1823 1856 excipis,
1846 1776 1888 1839 ad

485 1907 569 1969 quos
583 1885 747 1969 Theologi
767 1885 1015 1950 concluduntur.
1060 1895 1161 1969 atque
1180 1895 1230 1950 est
1248 1887 1376 1968 priuata
1392 1886 1484 1964 ratio,
1502 1885 1579 1967 quia
1593 1885 1746 1949 uoluntas
1765 1885 1829 1949 Dei
1845 1887 1888 1949 ab

486 1998 537 2062 his
561 1999 735 2081 quaeritur,
751 2018 851 2080 quam
875 1997 936 2060 nisi
959 1999 1002 2061 ab
1026 2018 1082 2062 ore
1105 1997 1169 2061 Dei
1193 2017 1259 2062 non
1278 1997 1476 2080 quaerimus.
1523 1997 1578 2060 lus
1601 1997 1712 2074 etiam,
1730 1997 1793 2060 illis
1815 2017 1888 2080 per-

487 2109 646 2193 scriptum
677 2108 766 2173 libris
798 2109 979 2188 Iustiniani,
1006 2130 1072 2174 non
1098 2109 1240 2174 ciuitatis
1271 2118 1321 2173 est
1352 2119 1490 2188 tantum,
1517 2110 1575 2172 sed
1607 2118 1639 2172 et
1669 2109 1828 2192 gentium,
1856 2119 1889 2174 et

487 2233 623 2287 naturae
632 2221 654 2287 ².
692 2231 726 2286 et
741 2231 893 2304 aptatum
910 2223 956 2287 sic
973 2231 1022 2286 est
1037 2223 1081 2285 ad
1098 2231 1248 2286 naturam
1264 2221 1460 2298 uniuersum,
1476 2230 1512 2285 ut
1528 2221 1665 2303 imperio
1681 2221 1839 2298 extincto,
1855 2230 1889 2285 et

488 2335 596 2419 ipsum
618 2335 669 2398 ius
688 2335 743 2399 diu
768 2334 933 2417 sepultum
956 2334 1134 2398 surrexerit
1157 2342 1279 2412 tamen,
1297 2343 1331 2397 et
1354 2333 1387 2396 in
1410 2353 1526 2396 omnes
1547 2353 1583 2396 se
1605 2332 1756 2396 effuderit
1773 2342 1889 2415 gentes

487 2447 657 2510 humanas.
704 2447 793 2528 Ergo
817 2455 851 2510 et
874 2445 1077 2528 Principibus
1097 2455 1182 2510 stat:
1207 2445 1267 2509 etsi
1291 2454 1341 2508 est
1365 2445 1500 2527 priuatis
1524 2445 1694 2508 conditum
1713 2465 1733 2506 a
1755 2444 1888 2508 Iustini-

487 2579 562 2623 ano.
608 2558 653 2622 Et
671 2566 739 2621 stat
761 2577 841 2620 sane
859 2577 919 2620 nec
938 2557 1088 2620 auditum
1113 2556 1191 2620 mihi
1211 2566 1270 2634 est,
1289 2555 1454 2620 lectumue
1473 2576 1640 2638 umquam,
1657 2555 1746 2639 quod
1766 2557 1889 2640 egregii

487 2670 534 2734 illi
557 2691 655 2752 supra
674 2670 810 2752 uulgum
833 2669 931 2752 positi
950 2670 1094 2732 tradunt.
1140 2668 1242 2731 Forte
1259 2688 1302 2731 an
1321 2668 1418 2732 desiit
1437 2687 1508 2732 esse
1525 2667 1684 2751 gentium,
1701 2677 1734 2732 et
1754 2679 1890 2734 naturae

488 2784 547 2862 ius,
568 2784 645 2865 quia
668 2782 858 2864 expositum
880 2792 930 2845 est
953 2780 1101 2846 ciuitati?
1146 2780 1213 2846 Sed
1238 2790 1273 2845 ut
1296 2782 1385 2864 quod
1410 2781 1505 2845 ciuile
1527 2791 1586 2860 est,
1609 2801 1675 2845 non
1699 2782 1787 2845 idem
1811 2802 1889 2846 con-

488 2897 581 2960 tinuo
604 2905 654 2958 est
675 2894 844 2978 gentium:
875 2892 965 2975 quod
988 2901 1102 2956 tamen
1124 2891 1272 2974 gentium
1296 2901 1355 2971 est,
1378 2891 1467 2956 idem
1489 2902 1523 2955 et
1546 2893 1641 2956 ciuile
1664 2913 1736 2958 esse
1757 2893 1858 2958 debet
1867 2891 1889 2958 ³.

489 3006 553 3071 Est
567 3007 702 3089 quidem
721 3005 770 3068 ius
789 3003 892 3083 ciuile,
908 3004 997 3086 quod
1016 3022 1082 3067 non
1101 3003 1201 3067 semit
1219 3003 1368 3081 naturali,
1384 3013 1417 3066 et
1435 3004 1584 3086 gentium
1603 3004 1661 3067 iuri
1681 3025 1740 3088 per
1758 3005 1889 3071 omnia:

488 3126 525 3183 at
542 3138 649 3201 neque
667 3117 701 3180 in
719 3125 826 3181 totum
842 3137 863 3179 a
878 3115 1020 3179 naturali
1036 3115 1169 3191 recedit,
1186 3114 1239 3178 uel
1254 3096 1407 3198 gentium
1414 3113 1436 3179 ⁴.
1482 3114 1528 3178 Et
1543 3135 1599 3180 cur
1614 3135 1679 3180 non
1695 3117 1816 3180 seruiat
1831 3137 1891 3200 per

489 3231 609 3310 omnia,
627 3237 685 3294 aut
709 3229 792 3293 ratio
814 3229 999 3292 communis
1022 3229 1170 3291 omnium
1194 3227 1365 3291 ciuitatum
1389 3227 1476 3303 iacit,
1492 3236 1551 3290 aut
1572 3228 1743 3311 singularis
1763 3228 1890 3312 aliqua·

489 3365 571 3409 rum.
617 3343 667 3408 Ut
692 3341 783 3426 quod
813 3341 923 3406 ciuilia
954 3343 1024 3404 iura
1050 3360 1115 3404 non
1145 3361 1244 3404 omne
1270 3349 1452 3423 agnoscant
1481 3351 1616 3424 pactum
1643 3344 1686 3406 ad
1715 3343 1889 3418 actionem,

488 3475 564 3519 cum
586 3454 735 3538 gentium
758 3454 808 3516 ius
830 3451 1050 3517 differentiam
1074 3463 1247 3535 pactorum
1271 3452 1395 3516 nullam
1422 3453 1610 3532 constituat,
1630 3454 1663 3518 id
1687 3454 1735 3530 fit,
1754 3474 1796 3518 ne
1819 3475 1891 3538 per-

488 3569 579 3650 petui
597 3568 753 3650 strepitus
767 3567 828 3631 lori
847 3567 992 3650 quietem
1010 3566 1152 3630 ciuitatis
1170 3567 1340 3630 turbarent
1350 3565 1373 3629 ⁶.
1403 3586 1469 3648 qua
1485 3566 1563 3629 mihi
1580 3567 1673 3630 dere
1688 3565 1890 3648 explicatum

489 3680 522 3742 in
549 3680 656 3762 primo
682 3678 766 3742 libro
790 3687 840 3743 est
869 3679 1142 3762 Disputationum
1162 3679 1205 3742 de
1228 3679 1362 3760 nuptiis.
1408 3677 1521 3742 Suasit
1547 3680 1631 3742 ratio
1657 3680 1891 3744 seruandamm

489 3790 685 3853 familiarum
702 3790 891 3854 ciuitatibus
907 3789 1031 3866 multiS,
1047 3792 1191 3873 potiores
1207 3789 1358 3853 foeminis
1372 3788 1485 3853 haberi
1505 3811 1611 3853 mares
1621 3791 1652 3854 ⁰:
1677 3791 1790 3856 Suasit
1808 3791 1891 3855 ratio

490 3921 626 3965 onerum
650 3911 683 3965 et
706 3901 852 3978 militiae,
876 3911 909 3966 et
931 3902 1044 3965 domi:
1075 3903 1178 3966 suasit
1200 3901 1265 3964 alia
1289 3901 1372 3966 ratio
1394 3902 1583 3966 ciuitatibus
1606 3902 1699 3966 aliis:
1725 3911 1758 3967 et
1781 3903 1891 3986 itaque

491 4010 540 4073 ius
564 4009 659 4075 ciuile
682 4021 840 4092 cognatos
863 4032 929 4074 non
951 4011 1086 4075 curabat
1110 4012 1249 4090 Romae,
1268 4033 1334 4075 non
1357 4012 1441 4076 filias
1461 4013 1569 4096 ipsas:
1592 4015 1682 4096 quod
1706 4013 1891 4077 maximum

490 4126 613 4207 alioqui
636 4125 754 4188 uitium
779 4135 893 4190 contra
919 4126 1101 4190 naturalem
1126 4127 1270 4189 creditur
1294 4127 1507 4209 aequitatem.
1553 4127 1599 4190 Et
1623 4147 1723 4210 quam
1751 4126 1891 4210 plurima

491 4237 652 4301 eiusmodi
674 4246 760 4301 sunt.
807 4235 982 4301 Caeterum
1006 4238 1033 4301 si
1052 4237 1132 4319 quid
1150 4239 1312 4303 eiusmodi
1335 4241 1503 4323 proprium
1526 4239 1670 4304 ciuitatis
1693 4261 1758 4304 non
1782 4251 1892 4305 osten-

490 4349 588 4427 ditur,
611 4347 690 4412 illud
722 4350 764 4412 de
793 4349 845 4413 his
875 4347 991 4412 tollere
1021 4348 1224 4432 publicarum
1255 4371 1362 4414 rerum
1392 4351 1687 4434 disceptationibus
1717 4351 1891 4436 plusquam

490 4459 663 4525 ridiculum
690 4459 797 4536 suerit,
821 4459 995 4543 plusquam
1023 4461 1180 4543 ineptum.
1226 4462 1341 4546 Quid?
1395 4464 1473 4527 Non
1499 4473 1580 4546 apta
1606 4464 1810 4546 Principibus
1836 4463 1892 4528 illa

587 4652 597 4681 ¹
612 4651 698 4717 Sigon
713 4665 750 4702 12.
762 4650 793 4701 de
805 4651 866 4715 Reg.
879 4650 936 4702 Ital.
949 4667 973 4717 p.
988 4661 1043 4716 740.
1274 4654 1284 4682 ²
1300 4656 1362 4706 Inst.
1377 4669 1398 4705 1.
1414 4670 1444 4716 η
1461 4656 1528 4705 Don.
1542 4670 1564 4705 1.
1577 4672 1668 4706 comm.
1679 4657 1725 4706 iur.
1736 4673 1758 4708 c.
1771 4657 1794 4707 6.

621 4737 631 4768 ⁸
647 4736 702 4787 Cic.
716 4750 738 4799 3.
750 4735 782 4785 de
793 4733 842 4785 Oli.
854 4750 874 4785 c.
890 4743 936 4798 17;
954 4735 983 4786 L.
995 4735 1070 4786 Rom.
1082 4736 1168 4787 consil.
1182 4751 1238 4802 ⁵²3·
1333 4740 1343 4769 ⁴
1359 4739 1375 4789 l.
1388 4737 1411 4788 6.
1422 4739 1453 4789 de
1464 4740 1521 4790 iust.
1535 4745 1560 4789 et
1571 4740 1617 4789 iur.
1631 4739 1677 4802 (D.
1693 4755 1712 4790 1.
1727 4741 1762 4802 ι).

522 4819 532 4848 ³
549 4819 627 4869 Duar.
639 4819 665 4869 iu
678 4820 715 4870 tit.
727 4819 758 4870 de
770 4826 834 4884 pact.
846 4834 871 4885 p.
883 4833 923 4883 43.
935 4835 958 4869 a.
1054 4817 1064 4847 ⁸
1082 4819 1098 4869 l.
1114 4835 1134 4871 2.
1148 4822 1207 4872 und.
1221 4839 1276 4888 cog.
1289 4823 1335 4886 (D.
1348 4823 1387 4887 38.
1400 4823 1443 4885 8);
1461 4823 1478 4874 l.
1492 4839 1515 4887 4.
1529 4823 1558 4874 C.
1570 4822 1601 4874 de
1613 4823 1657 4873 lib.
1668 4829 1746 4889 praet.
1759 4822 1794 4886 (6.
1809 4824 1859 4886 28).
