4456 5566
958 753 1364 820 PRAEFATIO.

1140 1043 1191 1115 ll.

829 1203 959 1302 Operis
983 1203 1043 1276 De
1066 1203 1160 1276 lure
1183 1203 1288 1276 Belli
1311 1202 1498 1278 Historia.

514 1363 602 1438 Mos
637 1379 716 1437 erat
750 1363 787 1436 in
818 1361 1074 1436 Uniuersitate
1110 1362 1318 1436 Oxoniensi
1350 1378 1391 1435 ut
1421 1365 1631 1460 quotannis,
1663 1365 1724 1438 die
1752 1365 1861 1440 lunae

463 1499 633 1596 proximo
659 1513 745 1595 post
774 1497 974 1594 septimum
1000 1497 1100 1570 diem
1126 1497 1264 1569 mensis
1294 1495 1387 1580 Iulii,
1415 1498 1577 1570 maxima
1602 1497 1744 1573 laetitia
1769 1499 1862 1575 cele-

462 1635 658 1706 brarentur
684 1631 856 1718 Comitia,
889 1631 968 1704 siue
999 1631 1130 1717 Actus,
1163 1630 1200 1702 in
1232 1630 1369 1726 quibus
1399 1629 1540 1703 fiebant
1567 1631 1798 1729 inceptiones
1823 1634 1861 1706 in

462 1767 635 1841 omnibus
673 1763 930 1850 facultatibus;
974 1764 1011 1837 id
1045 1779 1104 1837 est
1136 1763 1275 1862 gradus
1310 1763 1543 1862 magistrales
1578 1781 1617 1838 et
1651 1765 1861 1841 doctorales

464 1901 679 1976 sollenniter
696 1899 990 1974 conferebantur.
1028 1897 1123 1970 Dies
1142 1897 1292 1970 Saturni
1311 1898 1538 1993 praecedens
1559 1899 1859 1996 ‘Uesperiarum’

463 2051 551 2109 erat
616 2035 694 2108 Res
729 2034 766 2106 in
802 2032 970 2106 Ecclesia
1010 2031 1051 2105 B.
1079 2029 1222 2104 Mariae
1260 2030 1428 2128 Uirginis
1463 2033 1655 2129 agebatur,
1690 2034 1860 2110 Theatro

464 2167 727 2255 Sheldoniano,
750 2167 853 2263 quod
878 2166 990 2239 hodie
1016 2164 1153 2238 talibus
1177 2164 1307 2237 usibus
1334 2165 1497 2253 inseruit,
1526 2167 1691 2240 nondum
1713 2170 1861 2242 exaedi-

464 2305 583 2378 ficato.
637 2302 789 2401 Agendi
821 2301 973 2376 modum
1005 2325 1026 2373 e
1053 2300 1202 2372 statutis
1233 2297 1319 2372 licet
1345 2297 1518 2397 colligere
1531 2305 1553 2372 ¹.
1608 2300 1684 2374 Die
1711 2302 1860 2376 Saturni

462 2456 550 2513 ante
593 2437 786 2511 meridiem
820 2434 995 2533 legebant
1037 2431 1252 2507 sollenniter
1289 2432 1526 2508 Professores
1570 2434 1607 2508 in
1637 2460 1861 2533 unaquaque

462 2572 649 2659 facultate,
684 2586 723 2644 et
751 2585 839 2666 post
873 2567 1066 2641 meridiem
1101 2566 1337 2640 habebantur
1370 2568 1418 2640 ab
1453 2569 1627 2642 omnibus
1663 2569 1861 2667 incepturis

463 2705 743 2804 disputationes.
798 2701 944 2776 Sufficit
966 2701 1026 2774 hic
1049 2727 1094 2774 ea
1112 2726 1210 2797 quae
1232 2701 1281 2774 de
1308 2700 1526 2776 luristarum
1547 2703 1862 2799 disputationibus

464 2840 614 2938 prouisa
631 2852 737 2912 erant
754 2859 952 2931 exponere.

508 2981 581 3046 ‘De
599 2975 776 3062 incepturis
791 2975 823 3038 in
841 2973 1107 3056 Iurisprudentia,
1124 2983 1287 3040 statutum
1306 2984 1365 3051 est,
1384 2977 1474 3058 quod
1494 2997 1555 3059 pro
1575 2999 1667 3044 more
1681 2976 1771 3064 (post
1786 3002 1861 3065 pro·

462 3103 594 3168 gressus
616 3082 743 3164 aliquot
764 3100 784 3143 a
808 3076 1001 3152 Professore,
1024 3077 1056 3140 in
1080 3077 1302 3141 Praelectione
1324 3098 1425 3160 quam
1448 3088 1525 3143 ante
1552 3083 1722 3147 meridiem
1749 3084 1861 3148 incho-

463 3194 584 3259 averat,
601 3183 728 3264 factos),
742 3181 786 3246 ad
803 3179 1019 3243 monitionem
1035 3179 1121 3242 illius
1137 3181 1214 3242 iuris
1229 3180 1367 3244 studiosi
1382 3181 1439 3262 qui
1454 3182 1488 3244 in
1508 3181 1559 3246 his
1575 3184 1862 3268 Disputationibus

464 3287 680 3354 moderatoris
695 3285 805 3349 locum
820 3283 989 3361 obtinet,a
1005 3279 1192 3346 Professore
1209 3282 1315 3364 Regio
1330 3292 1397 3347 tres
1412 3285 1601 3366 questiones
1616 3299 1861 3372 proponantur3

463 3393 507 3457 de
536 3391 656 3474 quibus
685 3387 846 3470 incepturi
868 3383 988 3468 singuli
1011 3385 1156 3449 seriatim
1186 3385 1416 3468 respondeant,
1446 3386 1635 3454 Professore
1664 3390 1781 3476 Regio,
1809 3391 1862 3456 vel

464 3495 580 3579 quovis
610 3493 674 3558 alio
704 3491 860 3569 Doctore,
889 3497 948 3553 aut
977 3487 1197 3552 Baccalaureo
1228 3487 1262 3551 in
1292 3487 1448 3571 Legibus,
1478 3502 1676 3574 opponente.
1732 3495 1863 3578 Quibus

464 3595 753 3681 Disputationibus
778 3593 928 3678 peractis,
955 3593 1144 3676 praedictus
1174 3591 1364 3656 moderator
1392 3594 1528 3677 singulis
1558 3595 1735 3679 incepturis
1763 3619 1862 3662 unam

462 3699 516 3765 vel
546 3701 629 3764 duas
654 3698 852 3763 antinomias
877 3696 1099 3761 conciliandas
1125 3703 1297 3779 proponet,
1325 3695 1430 3778 iisque
1459 3697 1649 3774 conciliatis,
1673 3699 1861 3766 huiusmodi

465 3802 762 3886 DisputationibuS‚
778 3801 868 3864 brevi
884 3799 995 3882 aliqua
1008 3799 1224 3883 peroratione,
1239 3797 1339 3862 finem
1354 3799 1505 3883 imponat
1513 3799 1545 3865 ².’

517 3953 679 4026 Peractis
709 3950 1034 4047 disputationibus
1065 3950 1177 4022 moris
1209 3966 1290 4022 erat
1319 3967 1361 4023 ut
1391 3953 1556 4027 seniores
1585 3954 1793 4052 inceptores
1824 3957 1861 4030 in

463 4080 630 4178 qualibet
672 4079 856 4166 facultate,
900 4077 1146 4176 Theologiae‚
1194 4078 1509 4177 lurisprudentiae
1557 4100 1596 4157 et
1640 4085 1859 4175 Medicinae,

464 4349 533 4413 etc.;
561 4339 770 4416 disputationes
790 4337 999 4411 Academicas;
1028 4338 1175 4397 lectiones.
1219 4337 1367 4398 Intersunt
1387 4337 1435 4398 hic
1456 4340 1512 4399 illic
1534 4360 1628 4417 pauca
1652 4345 1690 4402 de
1711 4363 1744 4404 se
1764 4347 1862 4418 uerba,

464 4437 610 4516 equibus
634 4452 721 4514 supra
744 4435 877 4495 nonnihil
900 4436 994 4495 retuli.
1049 4435 1183 4514 Incipere
1206 4436 1319 4497 solebat
1343 4454 1456 4497 nouum
1480 4439 1618 4516 quodque
1639 4442 1862 4502 adnotationum

463 4536 603 4596 uolumen
616 4534 751 4612 praefixis
766 4534 821 4606 die,
836 4551 939 4594 mense
953 4544 981 4593 et
995 4551 1083 4605 anno,
1098 4551 1216 4594 necnon
1230 4535 1326 4595 uerbis
1340 4534 1407 4594 Iesu
1420 4536 1543 4596 r'uuante.

654 4632 665 4668 ¹
686 4631 756 4692 Stat.
772 4629 861 4692 Uniu.
876 4631 916 4696 tit.
931 4630 975 4702 vii,
990 4639 1061 4690 sect.
1075 4631 1094 4692 i.
1576 4637 1587 4672 ²
1608 4637 1652 4700 Ib.
1667 4637 1682 4714 5
1698 4639 1724 4698 6.
