<?xml version="1.0" encoding="UTF-8"?>
<!DOCTYPE html PUBLIC "-//W3C//DTD XHTML 1.0 Transitional//EN"
    "http://www.w3.org/TR/xhtml1/DTD/xhtml1-transitional.dtd">
<html xmlns="http://www.w3.org/1999/xhtml" xml:lang="en" lang="en">
 <head>
  <title>
</title>
<meta http-equiv="Content-Type" content="text/html;charset=utf-8" />
  <meta name='ocr-system' content='tesseract 3.04.00' />
  <meta name='ocr-capabilities' content='ocr_page ocr_carea ocr_par ocr_line ocrx_word'/>
</head>
<body>
  <div class='ocr_page' id='page_1' title='image "albericigentili01gentgoog_0111.png"; bbox 0 0 4604 5562; ppageno 0'>
   <div class='ocr_carea' id='block_1_1' title="bbox 485 709 1397 790">
    <p class='ocr_par' dir='ltr' id='par_1_1' title="bbox 485 709 1397 790">
     <span class='ocr_line' id='line_1_1' title="bbox 485 709 1397 790; baseline 0.003 -21"><span class='ocrx_word' id='word_1_1' title='bbox 485 709 525 790; x_wconf 80' lang='lat'>78</span> <span class='ocrx_word' id='word_1_2' title='bbox 969 715 1171 770; x_wconf 66' lang='lat' dir='ltr'>arsames</span> <span class='ocrx_word' id='word_1_3' title='bbox 1197 717 1397 772; x_wconf 68' lang='lat' dir='ltr'>orsurus</span> 
     </span>
    </p>
   </div>
   <div class='ocr_carea' id='block_1_2' title="bbox 483 957 1881 1598">
    <p class='ocr_par' dir='ltr' id='par_1_2' title="bbox 483 957 1881 1598">
     <span class='ocr_line' id='line_1_2' title="bbox 484 957 1879 1042; baseline -0.004 -16"><span class='ocrx_word' id='word_1_4' title='bbox 484 962 619 1026; x_wconf 87' lang='lat' dir='ltr'><strong>debuit:</strong></span> <span class='ocrx_word' id='word_1_5' title='bbox 650 970 684 1027; x_wconf 91' lang='lat' dir='ltr'>et</span> <span class='ocrx_word' id='word_1_6' title='bbox 710 959 822 1024; x_wconf 87' lang='lat' dir='ltr'>deberi</span> <span class='ocrx_word' id='word_1_7' title='bbox 850 957 974 1024; x_wconf 84' lang='lat' dir='ltr'>isthaec</span> <span class='ocrx_word' id='word_1_8' title='bbox 1000 960 1186 1024; x_wconf 89' lang='lat' dir='ltr'><strong>extorribus</strong></span> <span class='ocrx_word' id='word_1_9' title='bbox 1216 960 1295 1038; x_wconf 91' lang='lat' dir='ltr'>istis,</span> <span class='ocrx_word' id='word_1_10' title='bbox 1322 959 1539 1024; x_wconf 89' lang='lat' dir='ltr'>certissimum</span> <span class='ocrx_word' id='word_1_11' title='bbox 1568 969 1661 1042; x_wconf 90' lang='lat' dir='ltr'>puto.</span> <span class='ocrx_word' id='word_1_12' title='bbox 1691 968 1749 1023; x_wconf 89' lang='lat' dir='ltr'>aut</span> <span class='ocrx_word' id='word_1_13' title='bbox 1778 958 1879 1021; x_wconf 89' lang='lat' dir='ltr'>iidem</span> 
     </span>
     <span class='ocr_line' id='line_1_3' title="bbox 483 1068 1879 1137; baseline -0.004 -1"><span class='ocrx_word' id='word_1_14' title='bbox 483 1073 624 1137; x_wconf 88' lang='lat' dir='ltr'>inferent</span> <span class='ocrx_word' id='word_1_15' title='bbox 645 1072 769 1136; x_wconf 89' lang='lat' dir='ltr'>bellum</span> <span class='ocrx_word' id='word_1_16' title='bbox 790 1071 981 1135; x_wconf 90' lang='lat' dir='ltr'>necessario.</span> <span class='ocrx_word' id='word_1_17' title='bbox 1026 1070 1085 1135; x_wconf 90' lang='lat' dir='ltr'>An</span> <span class='ocrx_word' id='word_1_18' title='bbox 1104 1070 1230 1136; x_wconf 88' lang='lat' dir='ltr'>isthaec</span> <span class='ocrx_word' id='word_1_19' title='bbox 1248 1091 1315 1135; x_wconf 91' lang='lat' dir='ltr'>non</span> <span class='ocrx_word' id='word_1_20' title='bbox 1334 1081 1411 1136; x_wconf 88' lang='lat' dir='ltr'>sunt</span> <span class='ocrx_word' id='word_1_21' title='bbox 1429 1071 1529 1134; x_wconf 93' lang='lat' dir='ltr'>hodie</span> <span class='ocrx_word' id='word_1_22' title='bbox 1551 1071 1585 1134; x_wconf 90' lang='lat' dir='ltr'>in</span> <span class='ocrx_word' id='word_1_23' title='bbox 1603 1071 1682 1135; x_wconf 91' lang='lat' dir='ltr'>orbe</span> <span class='ocrx_word' id='word_1_24' title='bbox 1699 1068 1879 1135; x_wconf 87' lang='lat' dir='ltr'>terrarum?</span> 
     </span>
     <span class='ocr_line' id='line_1_4' title="bbox 484 1181 1880 1264; baseline -0.004 -16"><span class='ocrx_word' id='word_1_25' title='bbox 484 1183 619 1248; x_wconf 87' lang='lat' dir='ltr'>Scilicet</span> <span class='ocrx_word' id='word_1_26' title='bbox 638 1203 703 1246; x_wconf 93' lang='lat' dir='ltr'>non</span> <span class='ocrx_word' id='word_1_27' title='bbox 722 1181 749 1244; x_wconf 90' lang='lat' dir='ltr'>is</span> <span class='ocrx_word' id='word_1_28' title='bbox 765 1181 924 1264; x_wconf 83' lang='lat' dir='ltr'>redigitur</span> <span class='ocrx_word' id='word_1_29' title='bbox 939 1181 1044 1264; x_wconf 89' lang='lat' dir='ltr'>magis</span> <span class='ocrx_word' id='word_1_30' title='bbox 1059 1191 1159 1264; x_wconf 90' lang='lat' dir='ltr'>atque</span> <span class='ocrx_word' id='word_1_31' title='bbox 1177 1181 1283 1264; x_wconf 90' lang='lat' dir='ltr'>magis</span> <span class='ocrx_word' id='word_1_32' title='bbox 1300 1181 1344 1246; x_wconf 89' lang='lat' dir='ltr'>ad</span> <span class='ocrx_word' id='word_1_33' title='bbox 1362 1182 1573 1246; x_wconf 84' lang='lat' dir='ltr'><strong>solitudinem</strong></span> <span class='ocrx_word' id='word_1_34' title='bbox 1592 1181 1688 1263; x_wconf 90' lang='lat' dir='ltr'>primi</span> <span class='ocrx_word' id='word_1_35' title='bbox 1706 1181 1789 1244; x_wconf 91' lang='lat' dir='ltr'>aeui.</span> <span class='ocrx_word' id='word_1_36' title='bbox 1834 1181 1880 1243; x_wconf 93' lang='lat' dir='ltr'>Et</span> 
     </span>
     <span class='ocr_line' id='line_1_5' title="bbox 484 1293 1880 1375; baseline -0.004 -17"><span class='ocrx_word' id='word_1_37' title='bbox 484 1295 517 1358; x_wconf 92' lang='lat' dir='ltr'>in</span> <span class='ocrx_word' id='word_1_38' title='bbox 543 1295 606 1359; x_wconf 90' lang='lat' dir='ltr'>hac</span> <span class='ocrx_word' id='word_1_39' title='bbox 633 1293 704 1358; x_wconf 92' lang='lat' dir='ltr'>eius</span> <span class='ocrx_word' id='word_1_40' title='bbox 729 1302 839 1358; x_wconf 89' lang='lat' dir='ltr'>aetate</span> <span class='ocrx_word' id='word_1_41' title='bbox 865 1293 1034 1375; x_wconf 89' lang='lat' dir='ltr'>decrepita</span> <span class='ocrx_word' id='word_1_42' title='bbox 1059 1293 1251 1357; x_wconf 82' lang='lat' dir='ltr'>foecundior</span> <span class='ocrx_word' id='word_1_43' title='bbox 1278 1302 1329 1357; x_wconf 88' lang='lat' dir='ltr'>est</span> <span class='ocrx_word' id='word_1_44' title='bbox 1355 1315 1456 1375; x_wconf 90' lang='lat' dir='ltr'>quam</span> <span class='ocrx_word' id='word_1_45' title='bbox 1478 1303 1577 1358; x_wconf 91' lang='lat' dir='ltr'>antea</span> <span class='ocrx_word' id='word_1_46' title='bbox 1593 1293 1691 1357; x_wconf 90' lang='lat' dir='ltr'>fuerit</span> <span class='ocrx_word' id='word_1_47' title='bbox 1712 1311 1880 1374; x_wconf 92' lang='lat' dir='ltr'>umquam.</span> 
     </span>
     <span class='ocr_line' id='line_1_6' title="bbox 485 1399 1880 1487; baseline -0.004 -17"><span class='ocrx_word' id='word_1_48' title='bbox 485 1404 624 1470; x_wconf 87' lang='lat' dir='ltr'>Graecia</span> <span class='ocrx_word' id='word_1_49' title='bbox 640 1405 746 1487; x_wconf 90' lang='lat' dir='ltr'>qualis</span> <span class='ocrx_word' id='word_1_50' title='bbox 763 1424 849 1468; x_wconf 87' lang='lat' dir='ltr'>nunc</span> <span class='ocrx_word' id='word_1_51' title='bbox 865 1413 924 1484; x_wconf 88' lang='lat' dir='ltr'>est,</span> <span class='ocrx_word' id='word_1_52' title='bbox 940 1413 974 1467; x_wconf 91' lang='lat' dir='ltr'>et</span> <span class='ocrx_word' id='word_1_53' title='bbox 988 1402 1108 1468; x_wconf 88' lang='lat' dir='ltr'>Turcia</span> <span class='ocrx_word' id='word_1_54' title='bbox 1124 1405 1299 1467; x_wconf 86' lang='lat' dir='ltr'>uniuersa?</span> <span class='ocrx_word' id='word_1_55' title='bbox 1339 1403 1455 1486; x_wconf 87' lang='lat' dir='ltr'>Qualis</span> <span class='ocrx_word' id='word_1_56' title='bbox 1471 1423 1557 1467; x_wconf 89' lang='lat' dir='ltr'>nunc</span> <span class='ocrx_word' id='word_1_57' title='bbox 1573 1412 1623 1468; x_wconf 89' lang='lat' dir='ltr'>est</span> <span class='ocrx_word' id='word_1_58' title='bbox 1638 1399 1775 1466; x_wconf 86' lang='lat' dir='ltr'>Africa?</span> <span class='ocrx_word' id='word_1_59' title='bbox 1813 1400 1880 1465; x_wconf 87' lang='lat' dir='ltr'>Sed</span> 
     </span>
     <span class='ocr_line' id='line_1_7' title="bbox 484 1513 1881 1598; baseline -0.003 -18"><span class='ocrx_word' id='word_1_60' title='bbox 484 1517 540 1580; x_wconf 88' lang='lat' dir='ltr'>illa</span> <span class='ocrx_word' id='word_1_61' title='bbox 567 1516 644 1580; x_wconf 89' lang='lat' dir='ltr'>uiris</span> <span class='ocrx_word' id='word_1_62' title='bbox 670 1516 923 1580; x_wconf 91' lang='lat' dir='ltr'>foecundissima</span> <span class='ocrx_word' id='word_1_63' title='bbox 945 1515 1051 1598; x_wconf 90' lang='lat' dir='ltr'>qualis</span> <span class='ocrx_word' id='word_1_64' title='bbox 1077 1514 1240 1598; x_wconf 87' lang='lat' dir='ltr'>Hispania</span> <span class='ocrx_word' id='word_1_65' title='bbox 1264 1513 1336 1580; x_wconf 85' lang='lat' dir='ltr'>est?</span> <span class='ocrx_word' id='word_1_66' title='bbox 1382 1516 1428 1580; x_wconf 91' lang='lat' dir='ltr'>Et</span> <span class='ocrx_word' id='word_1_67' title='bbox 1454 1515 1515 1580; x_wconf 89' lang='lat' dir='ltr'>sub</span> <span class='ocrx_word' id='word_1_68' title='bbox 1541 1515 1723 1598; x_wconf 85' lang='lat' dir='ltr'>Hispanico</span> <span class='ocrx_word' id='word_1_69' title='bbox 1744 1514 1881 1596; x_wconf 89' lang='lat' dir='ltr'>imperio</span> 
     </span>
    </p>
   </div>
   <div class='ocr_carea' id='block_1_3' title="bbox 482 1624 1882 4262">
    <p class='ocr_par' dir='ltr' id='par_1_3' title="bbox 482 1624 1882 4262">
     <span class='ocr_line' id='line_1_8' title="bbox 484 1624 1881 1709; baseline -0.003 -19"><span class='ocrx_word' id='word_1_70' title='bbox 484 1648 550 1690; x_wconf 93' lang='lat' dir='ltr'>non</span> <span class='ocrx_word' id='word_1_71' title='bbox 566 1647 689 1691; x_wconf 89' lang='lat' dir='ltr'>uacuus</span> <span class='ocrx_word' id='word_1_72' title='bbox 707 1625 809 1690; x_wconf 87' lang='lat' dir='ltr'>ferme</span> <span class='ocrx_word' id='word_1_73' title='bbox 825 1627 994 1690; x_wconf 90' lang='lat' dir='ltr'>uniuersus</span> <span class='ocrx_word' id='word_1_74' title='bbox 1012 1625 1099 1690; x_wconf 90' lang='lat' dir='ltr'>orbis</span> <span class='ocrx_word' id='word_1_75' title='bbox 1121 1624 1247 1689; x_wconf 81' lang='lat' dir='ltr'>nouus?</span> <span class='ocrx_word' id='word_1_76' title='bbox 1293 1627 1383 1690; x_wconf 93' lang='lat' dir='ltr'>Nam</span> <span class='ocrx_word' id='word_1_77' title='bbox 1399 1647 1499 1709; x_wconf 90' lang='lat' dir='ltr'>quam</span> <span class='ocrx_word' id='word_1_78' title='bbox 1519 1636 1553 1690; x_wconf 91' lang='lat' dir='ltr'>te</span> <span class='ocrx_word' id='word_1_79' title='bbox 1572 1645 1760 1703; x_wconf 86' lang='lat' dir='ltr'>memorem,</span> <span class='ocrx_word' id='word_1_80' title='bbox 1776 1624 1881 1702; x_wconf 86' lang='lat' dir='ltr'>Italia,</span> 
     </span>
     <span class='ocr_line' id='line_1_9' title="bbox 484 1735 1881 1820; baseline -0.002 -19"><span class='ocrx_word' id='word_1_81' title='bbox 484 1758 579 1816; x_wconf 93' lang='lat' dir='ltr'>nunc,</span> <span class='ocrx_word' id='word_1_82' title='bbox 598 1746 632 1802; x_wconf 91' lang='lat' dir='ltr'>et</span> <span class='ocrx_word' id='word_1_83' title='bbox 654 1738 862 1802; x_wconf 89' lang='lat' dir='ltr'>circumiecta</span> <span class='ocrx_word' id='word_1_84' title='bbox 884 1736 1069 1819; x_wconf 89' lang='lat' dir='ltr'>Aquileiae,</span> <span class='ocrx_word' id='word_1_85' title='bbox 1090 1737 1180 1815; x_wconf 89' lang='lat' dir='ltr'>Pisis,</span> <span class='ocrx_word' id='word_1_86' title='bbox 1201 1737 1330 1801; x_wconf 88' lang='lat' dir='ltr'>Romae</span> <span class='ocrx_word' id='word_1_87' title='bbox 1352 1737 1423 1819; x_wconf 89' lang='lat' dir='ltr'>ipsi,</span> <span class='ocrx_word' id='word_1_88' title='bbox 1442 1737 1601 1820; x_wconf 88' lang='lat' dir='ltr'>squalida,</span> <span class='ocrx_word' id='word_1_89' title='bbox 1620 1737 1770 1801; x_wconf 90' lang='lat' dir='ltr'>morbida</span> <span class='ocrx_word' id='word_1_90' title='bbox 1795 1735 1881 1798; x_wconf 92' lang='lat' dir='ltr'>hanc</span> 
     </span>
     <span class='ocr_line' id='line_1_10' title="bbox 482 1847 1882 1932; baseline -0.003 -18"><span class='ocrx_word' id='word_1_91' title='bbox 482 1850 527 1914; x_wconf 94' lang='lat' dir='ltr'>ob</span> <span class='ocrx_word' id='word_1_92' title='bbox 543 1869 692 1914; x_wconf 87' lang='lat' dir='ltr'>caussam</span> <span class='ocrx_word' id='word_1_93' title='bbox 708 1849 884 1932; x_wconf 88' lang='lat' dir='ltr'>paucitatis</span> <span class='ocrx_word' id='word_1_94' title='bbox 899 1847 1112 1913; x_wconf 86' lang='lat' dir='ltr'>colonorum?</span> <span class='ocrx_word' id='word_1_95' title='bbox 1147 1847 1273 1913; x_wconf 91' lang='lat' dir='ltr'>Uerum</span> <span class='ocrx_word' id='word_1_96' title='bbox 1291 1849 1334 1913; x_wconf 93' lang='lat' dir='ltr'>de</span> <span class='ocrx_word' id='word_1_97' title='bbox 1348 1847 1399 1913; x_wconf 91' lang='lat' dir='ltr'>his</span> <span class='ocrx_word' id='word_1_98' title='bbox 1414 1848 1499 1913; x_wconf 91' lang='lat' dir='ltr'>forte</span> <span class='ocrx_word' id='word_1_99' title='bbox 1514 1849 1579 1913; x_wconf 91' lang='lat' dir='ltr'>alio</span> <span class='ocrx_word' id='word_1_100' title='bbox 1595 1857 1753 1930; x_wconf 89' lang='lat' dir='ltr'>tempore.</span> <span class='ocrx_word' id='word_1_101' title='bbox 1786 1847 1882 1929; x_wconf 85' lang='lat' dir='ltr'>Quae</span> 
     </span>
     <span class='ocr_line' id='line_1_11' title="bbox 484 1958 1881 2042; baseline 0 -20"><span class='ocrx_word' id='word_1_102' title='bbox 484 1980 549 2023; x_wconf 93' lang='lat' dir='ltr'>non</span> <span class='ocrx_word' id='word_1_103' title='bbox 569 1967 697 2037; x_wconf 84' lang='lat' dir='ltr'>uacant,</span> <span class='ocrx_word' id='word_1_104' title='bbox 716 1979 755 2024; x_wconf 89' lang='lat' dir='ltr'>ea</span> <span class='ocrx_word' id='word_1_105' title='bbox 773 1977 833 2023; x_wconf 86' lang='lat' dir='ltr'>nec</span> <span class='ocrx_word' id='word_1_106' title='bbox 848 1958 1018 2023; x_wconf 90' lang='lat' dir='ltr'>debentur.</span> <span class='ocrx_word' id='word_1_107' title='bbox 1064 1960 1183 2041; x_wconf 88' lang='lat' dir='ltr'>Neque</span> <span class='ocrx_word' id='word_1_108' title='bbox 1199 1960 1287 2023; x_wconf 88' lang='lat' dir='ltr'>enim</span> <span class='ocrx_word' id='word_1_109' title='bbox 1303 1959 1379 2022; x_wconf 90' lang='lat' dir='ltr'>iuris</span> <span class='ocrx_word' id='word_1_110' title='bbox 1398 1968 1457 2038; x_wconf 90' lang='lat' dir='ltr'>est,</span> <span class='ocrx_word' id='word_1_111' title='bbox 1473 1969 1509 2022; x_wconf 89' lang='lat' dir='ltr'>ut</span> <span class='ocrx_word' id='word_1_112' title='bbox 1524 1959 1597 2042; x_wconf 89' lang='lat' dir='ltr'>quis</span> <span class='ocrx_word' id='word_1_113' title='bbox 1615 1958 1716 2022; x_wconf 88' lang='lat' dir='ltr'>alium</span> <span class='ocrx_word' id='word_1_114' title='bbox 1732 1969 1830 2034; x_wconf 91' lang='lat' dir='ltr'>amet,</span> <span class='ocrx_word' id='word_1_115' title='bbox 1847 1977 1881 2022; x_wconf 92' lang='lat' dir='ltr'>se</span> 
     </span>
     <span class='ocr_line' id='line_1_12' title="bbox 484 2066 1882 2152; baseline -0.001 -18"><span class='ocrx_word' id='word_1_116' title='bbox 484 2091 520 2134; x_wconf 91' lang='lat' dir='ltr'>se</span> <span class='ocrx_word' id='word_1_117' title='bbox 538 2070 692 2152; x_wconf 79' lang='lat' dir='ltr'>negligat</span> <span class='ocrx_word' id='word_1_118' title='bbox 738 2066 867 2151; x_wconf 72' lang='lat' dir='ltr'>‘Quas’</span> <span class='ocrx_word' id='word_1_119' title='bbox 885 2069 991 2152; x_wconf 89' lang='lat' dir='ltr'>inquit</span> <span class='ocrx_word' id='word_1_120' title='bbox 1014 2069 1139 2149; x_wconf 86' lang='lat' dir='ltr'>Florus,</span> <span class='ocrx_word' id='word_1_121' title='bbox 1162 2071 1274 2134; x_wconf 88' lang='lat' dir='ltr'>‘daret</span> <span class='ocrx_word' id='word_1_122' title='bbox 1295 2071 1438 2152; x_wconf 90' lang='lat' dir='ltr'>populus</span> <span class='ocrx_word' id='word_1_123' title='bbox 1461 2071 1634 2135; x_wconf 88' lang='lat' dir='ltr'>Romanus</span> <span class='ocrx_word' id='word_1_124' title='bbox 1656 2079 1767 2148; x_wconf 88' lang='lat' dir='ltr'>terras,</span> <span class='ocrx_word' id='word_1_125' title='bbox 1789 2090 1882 2151; x_wconf 87' lang='lat' dir='ltr'>agra-</span> 
     </span>
     <span class='ocr_line' id='line_1_13' title="bbox 485 2177 1881 2263; baseline -0.001 -19"><span class='ocrx_word' id='word_1_126' title='bbox 485 2181 563 2244; x_wconf 88' lang='lat' dir='ltr'>‘riis</span> <span class='ocrx_word' id='word_1_127' title='bbox 581 2181 708 2262; x_wconf 88' lang='lat' dir='ltr'>legibus</span> <span class='ocrx_word' id='word_1_128' title='bbox 731 2181 816 2244; x_wconf 90' lang='lat' dir='ltr'>inter</span> <span class='ocrx_word' id='word_1_129' title='bbox 837 2202 873 2244; x_wconf 92' lang='lat' dir='ltr'>se</span> <span class='ocrx_word' id='word_1_130' title='bbox 895 2177 1167 2245; x_wconf 82' lang='lat' dir='ltr'>dimicaturus1?’</span> <span class='ocrx_word' id='word_1_131' title='bbox 1213 2183 1260 2245; x_wconf 92' lang='lat' dir='ltr'>Et</span> <span class='ocrx_word' id='word_1_132' title='bbox 1276 2181 1329 2245; x_wconf 93' lang='lat' dir='ltr'>hic</span> <span class='ocrx_word' id='word_1_133' title='bbox 1348 2191 1460 2246; x_wconf 90' lang='lat' dir='ltr'>tamen</span> <span class='ocrx_word' id='word_1_134' title='bbox 1478 2182 1650 2246; x_wconf 87' lang='lat' dir='ltr'>tolerabile</span> <span class='ocrx_word' id='word_1_135' title='bbox 1672 2181 1881 2263; x_wconf 89' lang='lat' dir='ltr'>dispendium</span> 
     </span>
     <span class='ocr_line' id='line_1_14' title="bbox 483 2291 1880 2375; baseline -0.001 -20"><span class='ocrx_word' id='word_1_136' title='bbox 483 2292 656 2355; x_wconf 89' lang='lat' dir='ltr'>ferendum</span> <span class='ocrx_word' id='word_1_137' title='bbox 679 2291 844 2365; x_wconf 89' lang='lat' dir='ltr'>existimo,</span> <span class='ocrx_word' id='word_1_138' title='bbox 868 2300 925 2355; x_wconf 88' lang='lat' dir='ltr'>aut</span> <span class='ocrx_word' id='word_1_139' title='bbox 948 2292 1007 2354; x_wconf 89' lang='lat' dir='ltr'>uix</span> <span class='ocrx_word' id='word_1_140' title='bbox 1030 2292 1134 2356; x_wconf 89' lang='lat' dir='ltr'>deerit</span> <span class='ocrx_word' id='word_1_141' title='bbox 1157 2293 1246 2375; x_wconf 91' lang='lat' dir='ltr'>quod</span> <span class='ocrx_word' id='word_1_142' title='bbox 1270 2293 1423 2356; x_wconf 91' lang='lat' dir='ltr'>exulibus</span> <span class='ocrx_word' id='word_1_143' title='bbox 1451 2293 1522 2357; x_wconf 90' lang='lat' dir='ltr'>istis</span> <span class='ocrx_word' id='word_1_144' title='bbox 1544 2294 1789 2374; x_wconf 89' lang='lat' dir='ltr'>respondeatur.</span> <span class='ocrx_word' id='word_1_145' title='bbox 1834 2291 1880 2354; x_wconf 88' lang='lat' dir='ltr'>Et</span> 
     </span>
     <span class='ocr_line' id='line_1_15' title="bbox 484 2402 1880 2486; baseline -0.001 -20"><span class='ocrx_word' id='word_1_146' title='bbox 484 2402 655 2466; x_wconf 89' lang='lat' dir='ltr'>tolerabile</span> <span class='ocrx_word' id='word_1_147' title='bbox 676 2403 885 2483; x_wconf 88' lang='lat' dir='ltr'>dispendium</span> <span class='ocrx_word' id='word_1_148' title='bbox 904 2402 1094 2466; x_wconf 91' lang='lat' dir='ltr'>ferendum:</span> <span class='ocrx_word' id='word_1_149' title='bbox 1118 2404 1207 2485; x_wconf 93' lang='lat' dir='ltr'>quod</span> <span class='ocrx_word' id='word_1_150' title='bbox 1231 2403 1494 2486; x_wconf 87' lang='lat' dir='ltr'>compendioque</span> <span class='ocrx_word' id='word_1_151' title='bbox 1515 2403 1638 2482; x_wconf 90' lang='lat' dir='ltr'>maiori,</span> <span class='ocrx_word' id='word_1_152' title='bbox 1657 2403 1777 2466; x_wconf 90' lang='lat' dir='ltr'>ciuium</span> <span class='ocrx_word' id='word_1_153' title='bbox 1800 2422 1880 2484; x_wconf 89' lang='lat' dir='ltr'>aug-</span> 
     </span>
     <span class='ocr_line' id='line_1_16' title="bbox 485 2512 1882 2596; baseline 0 -20"><span class='ocrx_word' id='word_1_154' title='bbox 485 2522 608 2590; x_wconf 91' lang='lat' dir='ltr'>mento,</span> <span class='ocrx_word' id='word_1_155' title='bbox 630 2522 870 2595; x_wconf 90' lang='lat' dir='ltr'>compensatur.</span> <span class='ocrx_word' id='word_1_156' title='bbox 927 2512 1016 2578; x_wconf 89' lang='lat' dir='ltr'>Sane</span> <span class='ocrx_word' id='word_1_157' title='bbox 1042 2514 1139 2591; x_wconf 90' lang='lat' dir='ltr'>enim,</span> <span class='ocrx_word' id='word_1_158' title='bbox 1165 2514 1254 2596; x_wconf 93' lang='lat' dir='ltr'>quod</span> <span class='ocrx_word' id='word_1_159' title='bbox 1281 2513 1495 2578; x_wconf 91' lang='lat' dir='ltr'>iustissimum</span> <span class='ocrx_word' id='word_1_160' title='bbox 1519 2522 1569 2578; x_wconf 90' lang='lat' dir='ltr'>est</span> <span class='ocrx_word' id='word_1_161' title='bbox 1590 2513 1698 2577; x_wconf 89' lang='lat' dir='ltr'>facere</span> <span class='ocrx_word' id='word_1_162' title='bbox 1723 2513 1800 2576; x_wconf 91' lang='lat' dir='ltr'>noui</span> <span class='ocrx_word' id='word_1_163' title='bbox 1822 2513 1882 2576; x_wconf 87' lang='lat' dir='ltr'>ad-</span> 
     </span>
     <span class='ocr_line' id='line_1_17' title="bbox 486 2623 1880 2706; baseline -0.001 -19"><span class='ocrx_word' id='word_1_164' title='bbox 486 2645 589 2688; x_wconf 90' lang='lat' dir='ltr'>uenae</span> <span class='ocrx_word' id='word_1_165' title='bbox 616 2625 747 2701; x_wconf 90' lang='lat' dir='ltr'>debent,</span> <span class='ocrx_word' id='word_1_166' title='bbox 773 2634 810 2687; x_wconf 91' lang='lat' dir='ltr'>ut</span> <span class='ocrx_word' id='word_1_167' title='bbox 837 2623 898 2686; x_wconf 94' lang='lat' dir='ltr'>sub</span> <span class='ocrx_word' id='word_1_168' title='bbox 925 2624 1099 2706; x_wconf 92' lang='lat' dir='ltr'>imperium</span> <span class='ocrx_word' id='word_1_169' title='bbox 1125 2625 1259 2688; x_wconf 89' lang='lat' dir='ltr'>ueniant</span> <span class='ocrx_word' id='word_1_170' title='bbox 1286 2625 1354 2688; x_wconf 91' lang='lat' dir='ltr'>eius</span> <span class='ocrx_word' id='word_1_171' title='bbox 1383 2625 1440 2706; x_wconf 92' lang='lat' dir='ltr'>qui</span> <span class='ocrx_word' id='word_1_172' title='bbox 1467 2625 1620 2688; x_wconf 89' lang='lat' dir='ltr'>dominus</span> <span class='ocrx_word' id='word_1_173' title='bbox 1646 2623 1797 2687; x_wconf 89' lang='lat' dir='ltr'>territorii</span> <span class='ocrx_word' id='word_1_174' title='bbox 1822 2631 1880 2686; x_wconf 91' lang='lat' dir='ltr'>est.</span> 
     </span>
     <span class='ocr_line' id='line_1_18' title="bbox 487 2733 1881 2818; baseline -0.001 -21"><span class='ocrx_word' id='word_1_175' title='bbox 487 2735 577 2798; x_wconf 89' lang='lat' dir='ltr'>Audi</span> <span class='ocrx_word' id='word_1_176' title='bbox 600 2734 762 2813; x_wconf 86' lang='lat' dir='ltr'>Aeneam,</span> <span class='ocrx_word' id='word_1_177' title='bbox 778 2735 870 2798; x_wconf 89' lang='lat' dir='ltr'>‘Nec</span> <span class='ocrx_word' id='word_1_178' title='bbox 894 2733 974 2797; x_wconf 88' lang='lat' dir='ltr'>mihi</span> <span class='ocrx_word' id='word_1_179' title='bbox 997 2754 1097 2817; x_wconf 89' lang='lat' dir='ltr'>regna</span> <span class='ocrx_word' id='word_1_180' title='bbox 1120 2744 1218 2816; x_wconf 88' lang='lat' dir='ltr'>peto:</span> <span class='ocrx_word' id='word_1_181' title='bbox 1242 2735 1376 2817; x_wconf 91' lang='lat' dir='ltr'>paribus</span> <span class='ocrx_word' id='word_1_182' title='bbox 1400 2755 1436 2798; x_wconf 91' lang='lat' dir='ltr'>se</span> <span class='ocrx_word' id='word_1_183' title='bbox 1458 2735 1585 2818; x_wconf 90' lang='lat' dir='ltr'>legibus</span> <span class='ocrx_word' id='word_1_184' title='bbox 1603 2735 1722 2798; x_wconf 88' lang='lat' dir='ltr'>ambae</span> <span class='ocrx_word' id='word_1_185' title='bbox 1740 2735 1881 2798; x_wconf 90' lang='lat' dir='ltr'>inuictae</span> 
     </span>
     <span class='ocr_line' id='line_1_19' title="bbox 486 2845 1880 2928; baseline -0.001 -19"><span class='ocrx_word' id='word_1_186' title='bbox 486 2849 625 2928; x_wconf 88' lang='lat' dir='ltr'>‘gentes</span> <span class='ocrx_word' id='word_1_187' title='bbox 653 2854 786 2909; x_wconf 92' lang='lat' dir='ltr'>aeterna</span> <span class='ocrx_word' id='word_1_188' title='bbox 813 2846 845 2908; x_wconf 93' lang='lat' dir='ltr'>in</span> <span class='ocrx_word' id='word_1_189' title='bbox 871 2845 1005 2909; x_wconf 84' lang='lat' dir='ltr'>foedera</span> <span class='ocrx_word' id='word_1_190' title='bbox 1032 2845 1177 2910; x_wconf 90' lang='lat' dir='ltr'>mittant.</span> <span class='ocrx_word' id='word_1_191' title='bbox 1223 2867 1323 2922; x_wconf 90' lang='lat' dir='ltr'>sacra,</span> <span class='ocrx_word' id='word_1_192' title='bbox 1349 2847 1497 2928; x_wconf 93' lang='lat' dir='ltr'>deosque</span> <span class='ocrx_word' id='word_1_193' title='bbox 1527 2846 1634 2910; x_wconf 88' lang='lat' dir='ltr'>dabo:</span> <span class='ocrx_word' id='word_1_194' title='bbox 1668 2865 1761 2910; x_wconf 91' lang='lat' dir='ltr'>socer</span> <span class='ocrx_word' id='word_1_195' title='bbox 1789 2865 1880 2908; x_wconf 90' lang='lat' dir='ltr'>arma</span> 
     </span>
     <span class='ocr_line' id='line_1_20' title="bbox 485 2952 1881 3038; baseline 0 -19"><span class='ocrx_word' id='word_1_196' title='bbox 485 2959 493 2988; x_wconf 92' lang='lat'>‘</span> <span class='ocrx_word' id='word_1_197' title='bbox 509 2956 649 3020; x_wconf 89' lang='lat' dir='ltr'>Latinus</span> <span class='ocrx_word' id='word_1_198' title='bbox 663 2954 801 3019; x_wconf 91' lang='lat' dir='ltr'>habeto:</span> <span class='ocrx_word' id='word_1_199' title='bbox 825 2955 998 3038; x_wconf 87' lang='lat' dir='ltr'>imperium</span> <span class='ocrx_word' id='word_1_200' title='bbox 1014 2955 1150 3020; x_wconf 89' lang='lat' dir='ltr'>solenne</span> <span class='ocrx_word' id='word_1_201' title='bbox 1161 2976 1264 3031; x_wconf 92' lang='lat' dir='ltr'>socer,</span> <span class='ocrx_word' id='word_1_202' title='bbox 1277 2957 1356 3020; x_wconf 93' lang='lat' dir='ltr'>mihi</span> <span class='ocrx_word' id='word_1_203' title='bbox 1373 2957 1503 3021; x_wconf 89' lang='lat' dir='ltr'>moenia</span> <span class='ocrx_word' id='word_1_204' title='bbox 1514 2957 1632 3020; x_wconf 91' lang='lat' dir='ltr'>Teucri</span> <span class='ocrx_word' id='word_1_205' title='bbox 1645 2952 1881 3020; x_wconf 80' lang='lat' dir='ltr'>constituent².&#39;</span> 
     </span>
     <span class='ocr_line' id='line_1_21' title="bbox 486 3066 1882 3150; baseline 0.001 -20"><span class='ocrx_word' id='word_1_206' title='bbox 486 3067 670 3131; x_wconf 88' lang='lat' dir='ltr'>Iustissime</span> <span class='ocrx_word' id='word_1_207' title='bbox 693 3086 754 3130; x_wconf 90' lang='lat' dir='ltr'>nec</span> <span class='ocrx_word' id='word_1_208' title='bbox 780 3066 828 3129; x_wconf 88' lang='lat' dir='ltr'>uti</span> <span class='ocrx_word' id='word_1_209' title='bbox 858 3066 930 3130; x_wconf 90' lang='lat' dir='ltr'>uult</span> <span class='ocrx_word' id='word_1_210' title='bbox 959 3067 1088 3130; x_wconf 89' lang='lat' dir='ltr'>aduena</span> <span class='ocrx_word' id='word_1_211' title='bbox 1112 3087 1221 3149; x_wconf 88' lang='lat' dir='ltr'>opera·</span> <span class='ocrx_word' id='word_1_212' title='bbox 1239 3068 1475 3150; x_wconf 90' lang='lat' dir='ltr'>indigenarum.</span> <span class='ocrx_word' id='word_1_213' title='bbox 1507 3077 1540 3132; x_wconf 86' lang='lat' dir='ltr'>et</span> <span class='ocrx_word' id='word_1_214' title='bbox 1566 3069 1647 3132; x_wconf 90' lang='lat' dir='ltr'>item</span> <span class='ocrx_word' id='word_1_215' title='bbox 1678 3067 1749 3131; x_wconf 91' lang='lat' dir='ltr'>uult</span> <span class='ocrx_word' id='word_1_216' title='bbox 1775 3068 1882 3133; x_wconf 92' lang='lat' dir='ltr'>iustis-</span> 
     </span>
     <span class='ocr_line' id='line_1_22' title="bbox 484 3176 1881 3262; baseline 0.001 -21"><span class='ocrx_word' id='word_1_217' title='bbox 484 3179 576 3256; x_wconf 87' lang='lat' dir='ltr'>sime,</span> <span class='ocrx_word' id='word_1_218' title='bbox 592 3176 724 3260; x_wconf 88' lang='lat' dir='ltr'>paribus</span> <span class='ocrx_word' id='word_1_219' title='bbox 746 3176 873 3258; x_wconf 88' lang='lat' dir='ltr'>legibus</span> <span class='ocrx_word' id='word_1_220' title='bbox 891 3198 967 3241; x_wconf 88' lang='lat' dir='ltr'>suos</span> <span class='ocrx_word' id='word_1_221' title='bbox 989 3187 1023 3241; x_wconf 89' lang='lat' dir='ltr'>et</span> <span class='ocrx_word' id='word_1_222' title='bbox 1046 3177 1218 3260; x_wconf 91' lang='lat' dir='ltr'>indigenas</span> <span class='ocrx_word' id='word_1_223' title='bbox 1237 3199 1327 3243; x_wconf 90' lang='lat' dir='ltr'>esse:</span> <span class='ocrx_word' id='word_1_224' title='bbox 1351 3199 1429 3242; x_wconf 91' lang='lat' dir='ltr'>nam</span> <span class='ocrx_word' id='word_1_225' title='bbox 1452 3181 1510 3243; x_wconf 90' lang='lat' dir='ltr'>dat</span> <span class='ocrx_word' id='word_1_226' title='bbox 1529 3199 1605 3244; x_wconf 90' lang='lat' dir='ltr'>suos</span> <span class='ocrx_word' id='word_1_227' title='bbox 1627 3179 1660 3242; x_wconf 92' lang='lat' dir='ltr'>in</span> <span class='ocrx_word' id='word_1_228' title='bbox 1680 3178 1791 3243; x_wconf 90' lang='lat' dir='ltr'>Latini</span> <span class='ocrx_word' id='word_1_229' title='bbox 1810 3199 1881 3262; x_wconf 89' lang='lat' dir='ltr'>reg·</span> 
     </span>
     <span class='ocr_line' id='line_1_23' title="bbox 486 3289 1881 3374; baseline 0.001 -22"><span class='ocrx_word' id='word_1_230' title='bbox 486 3309 574 3368; x_wconf 92' lang='lat' dir='ltr'>num,</span> <span class='ocrx_word' id='word_1_231' title='bbox 597 3298 631 3352; x_wconf 90' lang='lat' dir='ltr'>et</span> <span class='ocrx_word' id='word_1_232' title='bbox 655 3289 689 3351; x_wconf 95' lang='lat' dir='ltr'>in</span> <span class='ocrx_word' id='word_1_233' title='bbox 715 3289 803 3352; x_wconf 89' lang='lat' dir='ltr'>idern</span> <span class='ocrx_word' id='word_1_234' title='bbox 829 3309 947 3372; x_wconf 91' lang='lat' dir='ltr'>corpus</span> <span class='ocrx_word' id='word_1_235' title='bbox 972 3290 1208 3372; x_wconf 88' lang='lat' dir='ltr'>indigenarum.</span> <span class='ocrx_word' id='word_1_236' title='bbox 1255 3290 1322 3355; x_wconf 89' lang='lat' dir='ltr'>Sed</span> <span class='ocrx_word' id='word_1_237' title='bbox 1350 3300 1384 3355; x_wconf 91' lang='lat' dir='ltr'>et</span> <span class='ocrx_word' id='word_1_238' title='bbox 1411 3311 1505 3355; x_wconf 89' lang='lat' dir='ltr'>casus</span> <span class='ocrx_word' id='word_1_239' title='bbox 1530 3301 1608 3354; x_wconf 91' lang='lat' dir='ltr'>sunt</span> <span class='ocrx_word' id='word_1_240' title='bbox 1634 3301 1756 3370; x_wconf 90' lang='lat' dir='ltr'>tamen,</span> <span class='ocrx_word' id='word_1_241' title='bbox 1777 3310 1881 3374; x_wconf 88' lang='lat' dir='ltr'>quum</span> 
     </span>
     <span class='ocr_line' id='line_1_24' title="bbox 484 3400 1881 3484; baseline 0.001 -20"><span class='ocrx_word' id='word_1_242' title='bbox 484 3400 601 3464; x_wconf 89' lang='lat' dir='ltr'>exules</span> <span class='ocrx_word' id='word_1_243' title='bbox 616 3420 682 3464; x_wconf 95' lang='lat' dir='ltr'>non</span> <span class='ocrx_word' id='word_1_244' title='bbox 698 3400 895 3482; x_wconf 88' lang='lat' dir='ltr'>recipiantur</span> <span class='ocrx_word' id='word_1_245' title='bbox 912 3400 973 3464; x_wconf 90' lang='lat' dir='ltr'>sub</span> <span class='ocrx_word' id='word_1_246' title='bbox 989 3401 1173 3482; x_wconf 89' lang='lat' dir='ltr'>imperinm.</span> <span class='ocrx_word' id='word_1_247' title='bbox 1203 3410 1241 3464; x_wconf 89' lang='lat' dir='ltr'>ut</span> <span class='ocrx_word' id='word_1_248' title='bbox 1257 3401 1283 3464; x_wconf 88' lang='lat' dir='ltr'>si</span> <span class='ocrx_word' id='word_1_249' title='bbox 1299 3401 1481 3484; x_wconf 90' lang='lat' dir='ltr'>periculosa</span> <span class='ocrx_word' id='word_1_250' title='bbox 1499 3403 1541 3465; x_wconf 90' lang='lat' dir='ltr'>sit</span> <span class='ocrx_word' id='word_1_251' title='bbox 1559 3402 1756 3484; x_wconf 89' lang='lat' dir='ltr'>reipublicae</span> <span class='ocrx_word' id='word_1_252' title='bbox 1771 3401 1881 3465; x_wconf 87' lang='lat' dir='ltr'>multi·</span> 
     </span>
     <span class='ocr_line' id='line_1_25' title="bbox 485 3510 1881 3594; baseline 0.001 -20"><span class='ocrx_word' id='word_1_253' title='bbox 485 3512 579 3575; x_wconf 91' lang='lat' dir='ltr'>tudo.</span> <span class='ocrx_word' id='word_1_254' title='bbox 625 3510 672 3575; x_wconf 90' lang='lat' dir='ltr'>Et</span> <span class='ocrx_word' id='word_1_255' title='bbox 696 3521 734 3576; x_wconf 87' lang='lat' dir='ltr'>ut</span> <span class='ocrx_word' id='word_1_256' title='bbox 760 3511 863 3575; x_wconf 90' lang='lat' dir='ltr'>Gothi</span> <span class='ocrx_word' id='word_1_257' title='bbox 889 3532 965 3576; x_wconf 91' lang='lat' dir='ltr'>cum</span> <span class='ocrx_word' id='word_1_258' title='bbox 992 3512 1080 3576; x_wconf 90' lang='lat' dir='ltr'>malo</span> <span class='ocrx_word' id='word_1_259' title='bbox 1107 3533 1228 3594; x_wconf 87' lang='lat' dir='ltr'>magno</span> <span class='ocrx_word' id='word_1_260' title='bbox 1255 3513 1382 3594; x_wconf 89' lang='lat' dir='ltr'>imperii</span> <span class='ocrx_word' id='word_1_261' title='bbox 1410 3514 1532 3594; x_wconf 90' lang='lat' dir='ltr'>recepti</span> <span class='ocrx_word' id='word_1_262' title='bbox 1559 3512 1690 3576; x_wconf 89' lang='lat' dir='ltr'>fuerunt</span> <span class='ocrx_word' id='word_1_263' title='bbox 1699 3511 1720 3577; x_wconf 82' lang='lat'>³.</span> <span class='ocrx_word' id='word_1_264' title='bbox 1772 3512 1818 3576; x_wconf 90' lang='lat' dir='ltr'>Et</span> <span class='ocrx_word' id='word_1_265' title='bbox 1845 3521 1881 3576; x_wconf 90' lang='lat' dir='ltr'>ut</span> 
     </span>
     <span class='ocr_line' id='line_1_26' title="bbox 488 3621 1881 3705; baseline 0.001 -21"><span class='ocrx_word' id='word_1_266' title='bbox 488 3621 631 3685; x_wconf 88' lang='lat' dir='ltr'>Romani</span> <span class='ocrx_word' id='word_1_267' title='bbox 649 3624 773 3704; x_wconf 90' lang='lat' dir='ltr'>priores</span> <span class='ocrx_word' id='word_1_268' title='bbox 791 3624 837 3687; x_wconf 93' lang='lat' dir='ltr'>sic</span> <span class='ocrx_word' id='word_1_269' title='bbox 856 3622 978 3701; x_wconf 86' lang='lat' dir='ltr'>Gallos,</span> <span class='ocrx_word' id='word_1_270' title='bbox 998 3622 1151 3687; x_wconf 85' lang='lat' dir='ltr'>Cimbros</span> <span class='ocrx_word' id='word_1_271' title='bbox 1169 3623 1333 3704; x_wconf 90' lang='lat' dir='ltr'>suscipere</span> <span class='ocrx_word' id='word_1_272' title='bbox 1352 3623 1526 3686; x_wconf 88' lang='lat' dir='ltr'>noluerunt</span> <span class='ocrx_word' id='word_1_273' title='bbox 1535 3622 1557 3687; x_wconf 85' lang='lat'>⁴.</span> <span class='ocrx_word' id='word_1_274' title='bbox 1603 3624 1689 3686; x_wconf 90' lang='lat' dir='ltr'>Item</span> <span class='ocrx_word' id='word_1_275' title='bbox 1707 3623 1735 3686; x_wconf 92' lang='lat' dir='ltr'>si</span> <span class='ocrx_word' id='word_1_276' title='bbox 1752 3621 1881 3705; x_wconf 89' lang='lat' dir='ltr'>profugi</span> 
     </span>
     <span class='ocr_line' id='line_1_27' title="bbox 486 3733 1880 3816; baseline 0 -22"><span class='ocrx_word' id='word_1_277' title='bbox 486 3733 540 3796; x_wconf 92' lang='lat' dir='ltr'>isti</span> <span class='ocrx_word' id='word_1_278' title='bbox 566 3733 733 3798; x_wconf 90' lang='lat' dir='ltr'>traherent</span> <span class='ocrx_word' id='word_1_279' title='bbox 759 3733 883 3797; x_wconf 89' lang='lat' dir='ltr'>bellum</span> <span class='ocrx_word' id='word_1_280' title='bbox 910 3755 1040 3798; x_wconf 86' lang='lat' dir='ltr'>secum:</span> <span class='ocrx_word' id='word_1_281' title='bbox 1074 3734 1151 3815; x_wconf 90' lang='lat' dir='ltr'>quia</span> <span class='ocrx_word' id='word_1_282' title='bbox 1177 3733 1265 3796; x_wconf 91' lang='lat' dir='ltr'>bello</span> <span class='ocrx_word' id='word_1_283' title='bbox 1292 3733 1370 3797; x_wconf 93' lang='lat' dir='ltr'>uicti</span> <span class='ocrx_word' id='word_1_284' title='bbox 1398 3743 1623 3816; x_wconf 89' lang='lat' dir='ltr'>repeterentur</span> <span class='ocrx_word' id='word_1_285' title='bbox 1647 3755 1668 3798; x_wconf 93' lang='lat' dir='ltr'>a</span> <span class='ocrx_word' id='word_1_286' title='bbox 1693 3734 1880 3808; x_wconf 90' lang='lat' dir='ltr'>uictoribus,</span> 
     </span>
     <span class='ocr_line' id='line_1_28' title="bbox 486 3844 1882 3928; baseline 0.001 -22"><span class='ocrx_word' id='word_1_287' title='bbox 486 3852 520 3906; x_wconf 90' lang='lat' dir='ltr'>et</span> <span class='ocrx_word' id='word_1_288' title='bbox 547 3863 612 3906; x_wconf 96' lang='lat' dir='ltr'>non</span> <span class='ocrx_word' id='word_1_289' title='bbox 639 3845 767 3922; x_wconf 89' lang='lat' dir='ltr'>redditi,</span> <span class='ocrx_word' id='word_1_290' title='bbox 790 3864 904 3908; x_wconf 88' lang='lat' dir='ltr'>caussa</span> <span class='ocrx_word' id='word_1_291' title='bbox 927 3853 1036 3909; x_wconf 86' lang='lat' dir='ltr'>essent</span> <span class='ocrx_word' id='word_1_292' title='bbox 1061 3845 1139 3908; x_wconf 92' lang='lat' dir='ltr'>belli</span> <span class='ocrx_word' id='word_1_293' title='bbox 1157 3848 1235 3908; x_wconf 93' lang='lat' dir='ltr'>noui</span> <span class='ocrx_word' id='word_1_294' title='bbox 1261 3846 1437 3909; x_wconf 91' lang='lat' dir='ltr'>aduersum</span> <span class='ocrx_word' id='word_1_295' title='bbox 1460 3846 1654 3928; x_wconf 89' lang='lat' dir='ltr'>recipientes</span> <span class='ocrx_word' id='word_1_296' title='bbox 1677 3867 1713 3909; x_wconf 89' lang='lat' dir='ltr'>se</span> <span class='ocrx_word' id='word_1_297' title='bbox 1722 3845 1742 3909; x_wconf 65' lang='grc' dir='ltr'>ὅ.</span> <span class='ocrx_word' id='word_1_298' title='bbox 1789 3844 1882 3908; x_wconf 85' lang='lat' dir='ltr'>Iusta</span> 
     </span>
     <span class='ocr_line' id='line_1_29' title="bbox 486 3953 1882 4038; baseline 0.002 -23"><span class='ocrx_word' id='word_1_299' title='bbox 486 3953 567 4017; x_wconf 91' lang='lat' dir='ltr'>haec</span> <span class='ocrx_word' id='word_1_300' title='bbox 590 3962 640 4016; x_wconf 91' lang='lat' dir='ltr'>est</span> <span class='ocrx_word' id='word_1_301' title='bbox 663 3974 786 4030; x_wconf 90' lang='lat' dir='ltr'>caussa,</span> <span class='ocrx_word' id='word_1_302' title='bbox 804 3964 837 4017; x_wconf 90' lang='lat' dir='ltr'>et</span> <span class='ocrx_word' id='word_1_303' title='bbox 859 3954 943 4018; x_wconf 87' lang='lat' dir='ltr'>aliae</span> <span class='ocrx_word' id='word_1_304' title='bbox 965 3955 1011 4018; x_wconf 91' lang='lat' dir='ltr'>sic</span> <span class='ocrx_word' id='word_1_305' title='bbox 1034 3965 1119 4032; x_wconf 91' lang='lat' dir='ltr'>sunt,</span> <span class='ocrx_word' id='word_1_306' title='bbox 1137 3975 1195 4018; x_wconf 90' lang='lat' dir='ltr'>cur</span> <span class='ocrx_word' id='word_1_307' title='bbox 1216 3955 1345 4037; x_wconf 89' lang='lat' dir='ltr'>profugi</span> <span class='ocrx_word' id='word_1_308' title='bbox 1368 3976 1434 4019; x_wconf 91' lang='lat' dir='ltr'>non</span> <span class='ocrx_word' id='word_1_309' title='bbox 1456 3957 1683 4038; x_wconf 91' lang='lat' dir='ltr'>suscipiantur.</span> <span class='ocrx_word' id='word_1_310' title='bbox 1730 3956 1776 4019; x_wconf 93' lang='lat' dir='ltr'>Et</span> <span class='ocrx_word' id='word_1_311' title='bbox 1798 3955 1882 4019; x_wconf 89' lang='lat' dir='ltr'>forte</span> 
     </span>
     <span class='ocr_line' id='line_1_30' title="bbox 486 4065 1882 4150; baseline 0.004 -24"><span class='ocrx_word' id='word_1_312' title='bbox 486 4074 598 4126; x_wconf 91' lang='lat' dir='ltr'>tamen</span> <span class='ocrx_word' id='word_1_313' title='bbox 623 4085 682 4127; x_wconf 90' lang='lat' dir='ltr'>nec</span> <span class='ocrx_word' id='word_1_314' title='bbox 705 4065 912 4128; x_wconf 89' lang='lat' dir='ltr'>damnaueris</span> <span class='ocrx_word' id='word_1_315' title='bbox 934 4065 1099 4147; x_wconf 85' lang='lat' dir='ltr'>profugos,</span> <span class='ocrx_word' id='word_1_316' title='bbox 1116 4067 1143 4129; x_wconf 93' lang='lat' dir='ltr'>si</span> <span class='ocrx_word' id='word_1_317' title='bbox 1166 4075 1317 4130; x_wconf 86' lang='lat' dir='ltr'>extrema</span> <span class='ocrx_word' id='word_1_318' title='bbox 1339 4067 1502 4150; x_wconf 88' lang='lat' dir='ltr'>fugientes</span> <span class='ocrx_word' id='word_1_319' title='bbox 1524 4068 1620 4145; x_wconf 89' lang='lat' dir='ltr'>mala,</span> <span class='ocrx_word' id='word_1_320' title='bbox 1638 4087 1724 4131; x_wconf 89' lang='lat' dir='ltr'>nunc</span> <span class='ocrx_word' id='word_1_321' title='bbox 1742 4065 1882 4132; x_wconf 87' lang='lat' dir='ltr'>inferant</span> 
     </span>
     <span class='ocr_line' id='line_1_31' title="bbox 486 4175 1882 4262; baseline 0.001 -24"><span class='ocrx_word' id='word_1_322' title='bbox 486 4176 609 4238; x_wconf 91' lang='lat' dir='ltr'>bellum</span> <span class='ocrx_word' id='word_1_323' title='bbox 637 4176 715 4252; x_wconf 90' lang='lat' dir='ltr'>istis,</span> <span class='ocrx_word' id='word_1_324' title='bbox 738 4176 794 4257; x_wconf 91' lang='lat' dir='ltr'>qui</span> <span class='ocrx_word' id='word_1_325' title='bbox 821 4177 906 4238; x_wconf 88' lang='lat' dir='ltr'>iuste</span> <span class='ocrx_word' id='word_1_326' title='bbox 933 4187 1056 4258; x_wconf 88' lang='lat' dir='ltr'>negant</span> <span class='ocrx_word' id='word_1_327' title='bbox 1079 4177 1169 4259; x_wconf 87' lang='lat' dir='ltr'>ipsos</span> <span class='ocrx_word' id='word_1_328' title='bbox 1191 4177 1365 4260; x_wconf 90' lang='lat' dir='ltr'>suscipere.</span> <span class='ocrx_word' id='word_1_329' title='bbox 1412 4178 1502 4262; x_wconf 89' lang='lat' dir='ltr'>Quid</span> <span class='ocrx_word' id='word_1_330' title='bbox 1529 4180 1616 4242; x_wconf 90' lang='lat' dir='ltr'>enirn</span> <span class='ocrx_word' id='word_1_331' title='bbox 1636 4175 1801 4244; x_wconf 85' lang='lat' dir='ltr'>facerent?</span> <span class='ocrx_word' id='word_1_332' title='bbox 1845 4177 1882 4241; x_wconf 94' lang='lat' dir='ltr'>Si</span> 
     </span>
    </p>
   </div>
   <div class='ocr_carea' id='block_1_4' title="bbox 550 4479 1817 4629">
    <p class='ocr_par' dir='ltr' id='par_1_4' title="bbox 550 4479 1817 4629">
     <span class='ocr_line' id='line_1_32' title="bbox 649 4479 1718 4549; baseline 0.003 -21"><span class='ocrx_word' id='word_1_333' title='bbox 649 4480 657 4510; x_wconf 94' lang='lat'>¹</span> <span class='ocrx_word' id='word_1_334' title='bbox 676 4479 717 4531; x_wconf 92' lang='lat' dir='ltr'>Gl.</span> <span class='ocrx_word' id='word_1_335' title='bbox 729 4497 750 4530; x_wconf 87' lang='lat' dir='ltr'>c.</span> <span class='ocrx_word' id='word_1_336' title='bbox 763 4481 810 4530; x_wconf 88' lang='lat' dir='ltr'>nisi</span> <span class='ocrx_word' id='word_1_337' title='bbox 821 4479 852 4530; x_wconf 91' lang='lat' dir='ltr'>de</span> <span class='ocrx_word' id='word_1_338' title='bbox 863 4487 928 4532; x_wconf 83' lang='lat' dir='ltr'>auct.</span> <span class='ocrx_word' id='word_1_339' title='bbox 940 4487 965 4530; x_wconf 88' lang='lat' dir='ltr'>et</span> <span class='ocrx_word' id='word_1_340' title='bbox 976 4495 1011 4532; x_wconf 88' lang='lat' dir='ltr'>us.</span> <span class='ocrx_word' id='word_1_341' title='bbox 1024 4496 1077 4546; x_wconf 80' lang='lat' dir='ltr'>pa.;</span> <span class='ocrx_word' id='word_1_342' title='bbox 1096 4495 1118 4544; x_wconf 81' lang='lat'>3.</span> <span class='ocrx_word' id='word_1_343' title='bbox 1130 4479 1197 4530; x_wconf 84' lang='lat' dir='ltr'>Flor.</span> <span class='ocrx_word' id='word_1_344' title='bbox 1208 4497 1230 4530; x_wconf 86' lang='lat' dir='ltr'>c.</span> <span class='ocrx_word' id='word_1_345' title='bbox 1244 4494 1266 4544; x_wconf 84' lang='lat'>3.</span> <span class='ocrx_word' id='word_1_346' title='bbox 1396 4480 1407 4510; x_wconf 89' lang='lat'><strong>¹</strong></span> <span class='ocrx_word' id='word_1_347' title='bbox 1423 4481 1494 4546; x_wconf 88' lang='lat' dir='ltr'>Virg.</span> <span class='ocrx_word' id='word_1_348' title='bbox 1508 4495 1546 4531; x_wconf 73' lang='grc' dir='ltr'>η.</span> <span class='ocrx_word' id='word_1_349' title='bbox 1558 4483 1621 4534; x_wconf 81' lang='lat' dir='ltr'>Aen.</span> <span class='ocrx_word' id='word_1_350' title='bbox 1633 4482 1651 4532; x_wconf 92' lang='lat' dir='ltr'>l.</span> <span class='ocrx_word' id='word_1_351' title='bbox 1664 4497 1718 4549; x_wconf 85' lang='lat'>190.</span> 
     </span>
     <span class='ocr_line' id='line_1_33' title="bbox 550 4562 1817 4629; baseline 0 -16"><span class='ocrx_word' id='word_1_352' title='bbox 550 4563 811 4627; x_wconf 75' lang='lat' dir='ltr'>³Am.lib.31.c.4.</span> <span class='ocrx_word' id='word_1_353' title='bbox 880 4562 961 4612; x_wconf 78' lang='lat' dir='ltr'>‘Liu</span> <span class='ocrx_word' id='word_1_354' title='bbox 972 4563 1015 4612; x_wconf 88' lang='lat' dir='ltr'>lib.</span> <span class='ocrx_word' id='word_1_355' title='bbox 1027 4577 1059 4629; x_wconf 74' lang='lat'>39</span> <span class='ocrx_word' id='word_1_356' title='bbox 1071 4579 1093 4614; x_wconf 94' lang='lat' dir='ltr'>c.</span> <span class='ocrx_word' id='word_1_357' title='bbox 1104 4579 1150 4628; x_wconf 83' lang='lat'>54;</span> <span class='ocrx_word' id='word_1_358' title='bbox 1168 4578 1192 4627; x_wconf 79' lang='lat'>3.</span> <span class='ocrx_word' id='word_1_359' title='bbox 1205 4563 1273 4614; x_wconf 87' lang='lat' dir='ltr'>Flor.</span> <span class='ocrx_word' id='word_1_360' title='bbox 1286 4579 1305 4614; x_wconf 91' lang='lat' dir='ltr'>c.</span> <span class='ocrx_word' id='word_1_361' title='bbox 1319 4577 1342 4626; x_wconf 77' lang='lat'>3.</span> <span class='ocrx_word' id='word_1_362' title='bbox 1415 4564 1612 4626; x_wconf 72' lang='lat' dir='ltr'>&#39;Isoc.Pana.;</span> <span class='ocrx_word' id='word_1_363' title='bbox 1629 4563 1817 4628; x_wconf 77' lang='lat' dir='ltr'>Caes4Gall.</span> 
     </span>
    </p>
   </div>
   <div class='ocr_carea' id='block_1_5' title="bbox 0 0 2309 5562">
    <p class='ocr_par' dir='ltr' id='par_1_5' title="bbox 0 0 2309 5562">
     <span class='ocr_line' id='line_1_34' title="bbox 0 0 2309 5562; baseline 0 0"><span class='ocrx_word' id='word_1_364' title='bbox 0 0 2309 5562; x_wconf 95' lang='lat' dir='ltr'> </span> 
     </span>
    </p>
   </div>
  </div>
 </body>
</html>
