4456 5566
467 683 513 762 46
955 693 1160 748 ALBERICI
1188 692 1389 749 GENTILIS

469 933 549 1000 Hoc
572 935 714 1017 primum
733 934 889 1020 Augusto
907 935 1085 1019 prouisum,
1101 946 1135 1001 et
1151 937 1292 1018 Tiberio,
1308 958 1350 1002 ne
1368 938 1442 1021 quis
1459 947 1598 1018 senator,
1614 939 1647 1004 id
1667 948 1726 1019 est,
1742 949 1869 1023 potens,

472 1054 506 1110 ct
521 1046 653 1112 illustris
669 1049 719 1111 uir
736 1047 897 1132 Aegypto
912 1059 1088 1131 praeesset,
1103 1058 1160 1113 aut
1175 1050 1276 1113 etiam
1292 1050 1488 1133 Aegyptum
1504 1051 1611 1115 adiret
1620 1050 1640 1116 ¹.
1687 1050 1775 1116 Sane
1790 1073 1869 1117 uero

466 1167 507 1222 et
519 1157 623 1222 Gallis
639 1159 785 1224 tribuunt
800 1159 1021 1224 mobilitatem
1036 1169 1071 1224 et
1085 1159 1256 1225 leuitatem
1271 1169 1398 1226 ueteres
1413 1181 1537 1240 omnes,
1553 1171 1586 1226 et
1602 1163 1678 1226 noui
1695 1163 1869 1245 scriptores

470 1289 589 1349 rerum,
604 1269 842 1354 bellicososque
865 1292 921 1336 eos
944 1293 1023 1350 esse,
1043 1281 1076 1336 et
1098 1274 1142 1337 ad
1164 1271 1287 1336 bellum
1308 1272 1482 1353 mobiliter,
1501 1274 1713 1357 celeriterque
1731 1274 1869 1338 excitari

469 1390 718 1448 contestantur:
751 1392 785 1447 et
815 1392 942 1448 mentes
972 1385 1117 1466 ipsorum
1148 1386 1255 1464 duras,
1279 1405 1318 1450 ac
1344 1386 1543 1468 retrogadas,
1570 1394 1604 1449 et
1633 1386 1870 1468 imperantibus

465 1513 589 1577 graues
598 1491 620 1558 ².
665 1493 761 1576 Quae
779 1493 893 1558 itidem
912 1493 1073 1559 bellorum
1092 1516 1206 1560 caussa
1223 1495 1288 1560 illic
1309 1496 1353 1560 ab
1375 1497 1465 1561 omni
1487 1517 1572 1560 aeuo
1594 1517 1735 1579 semper.
1779 1497 1869 1560 Nam

472 1604 587 1689 religio
607 1605 658 1669 his
680 1605 805 1671 ultimis
826 1607 1031 1690 temporibus
1052 1617 1183 1673 tantum
1206 1617 1409 1690 praetextus.
1454 1609 1598 1693 Quando
1621 1608 1691 1672 sine
1708 1607 1803 1672 bellis
1821 1609 1870 1672 in-

470 1717 581 1797 ternis,
597 1727 655 1782 aut
672 1719 819 1784 externis
840 1717 948 1782 Gallia
966 1717 1048 1783 luit?
1092 1718 1186 1783 Ante
1202 1718 1352 1784 Caesaris
1369 1722 1551 1784 aduentum
1567 1717 1666 1804 (quae
1684 1728 1760 1784 sunt
1775 1719 1870 1784 nobis

471 1831 506 1894 in
521 1829 664 1893 tenebris
680 1826 844 1918 tempora)
859 1830 926 1894 lere
941 1832 1116 1914 quotannis
1134 1832 1283 1896 accidere
1299 1831 1387 1895 bella
1405 1831 1621 1912 consueuisse,
1637 1832 1782 1914 prodidit
1800 1831 1870 1914 ipse

474 1942 597 2007 Caesar
605 1939 627 2005 ³.
659 1940 745 2004 Item
761 1941 816 2005 ille
830 1942 921 2025 apud
933 1943 1096 2021 Tacitum,
1112 1942 1226 2006 ‘Bella
1241 1963 1301 2026 per
1316 1942 1441 2008 Gallias
1456 1963 1587 2026 semper
1601 1942 1698 2022 fuere,
1713 1943 1819 2008 donee
1835 1943 1868 2007 in

473 2053 724 2117 ‘Romanorum
740 2054 790 2116 ius
808 2053 1026 2118 concederent
1035 2050 1067 2118 ⁴.’
1112 2053 1224 2117 Etiam
1240 2055 1443 2119 tumultuum
1463 2054 1592 2119 Galliae
1610 2055 1730 2119 dicitur
1744 2075 1869 2132 caussa,

468 2173 666 2246 ¹magnatum
689 2173 723 2228 et
745 2164 906 2230 nobilium
928 2174 1053 2230 status:
1080 2165 1136 2248 qui
1158 2175 1312 2248 potentes
1335 2166 1433 2230 ualde
1447 2186 1522 2229 curn
1545 2167 1619 2245 sint,
1637 2174 1671 2229 et
1689 2165 1790 2245 liberi,
1809 2185 1870 2230 nec

472 2276 562 2354 dent,
578 2276 604 2339 si
620 2297 680 2341 rex
695 2285 797 2359 petat,
812 2277 946 2360 aliquid,
961 2297 1020 2341 nec
1039 2277 1107 2359 regi
1122 2277 1289 2356 obediant,
1304 2277 1331 2340 si
1349 2278 1428 2360 quid
1445 2277 1604 2360 imperet:
1636 2277 1720 2360 regis
1743 2276 1870 2360 magni·

474 2388 580 2452 tudini
602 2398 661 2452 aut
682 2388 862 2464 inuideant‚
882 2389 908 2452 si
927 2387 1008 2452 nihil
1029 2388 1095 2466 det,
1118 2397 1174 2452 aut
1192 2389 1258 2453 sint
1280 2388 1442 2464 damnosi,
1464 2389 1491 2452 si
1514 2389 1652 2454 dederit.
1681 2388 1871 2471 conspirant

474 2508 635 2582 potentes.
665 2501 847 2564 irascuntur
867 2500 1043 2565 ambitiosi.
1075 2510 1108 2565 et
1130 2499 1251 2564 insoliti
1274 2501 1386 2564 uidere
1409 2500 1629 2582 magistratus,
1644 2520 1665 2563 a
1683 2499 1872 2564 ciuitatibus

473 2613 616 2696 sepositi,
635 2611 773 2695 quisque
791 2611 855 2674 ruri
873 2631 949 2675 cum
972 2611 1038 2676 suis
1056 2611 1195 2691 familiis,
1214 2612 1393 2691 discordiis,
1412 2612 1636 2690 seditionibus,
1654 2609 1872 2676 contentioni·

473 2723 536 2787 bus
559 2724 740 2788 necessario
763 2723 975 2806 exagitantur
984 2723 1006 2786 ⁵.
1051 2722 1107 2788 Sic
1130 2743 1195 2787 non
1222 2732 1271 2788 est
1293 2723 1406 2807 religio
1428 2743 1527 2787 causa
1549 2723 1711 2787 malorum
1735 2720 1871 2785 Galliae.

475 2835 543 2901 Sed
566 2834 620 2900 hic
639 2834 725 2928 mihi.
742 2834 848 2899 simile
869 2833 1107 2910 conficiendum
1131 2834 1216 2898 foret
1239 2856 1331 2918 opus,
1354 2835 1452 2918 quale
1473 2834 1615 2899 coniecit
1638 2833 1785 2899 Orosius.
1815 2832 1872 2916 qul

470 2947 554 3012 item
570 2947 750 3011 calumnias
765 2946 963 3010 refutaturus
981 2966 1102 3024 eorum,
1117 2946 1174 3028 qui
1193 2944 1416 3026 clamitabant,
1431 2946 1527 3025 bella,
1544 2956 1577 3010 et
1596 2943 1684 3009 mala
1698 2944 1872 3008 aduenisse

474 3058 545 3124 orbi
565 3059 727 3138 Romano,
743 3066 919 3141 postquam
936 3057 1050 3140 religio
1070 3056 1137 3122 illic
1161 3056 1348 3122 Christiana
1366 3057 1436 3136 luit,
1452 3057 1518 3120 imo
1537 3056 1625 3121 mala
1641 3065 1675 3120 et
1692 3055 1780 3120 bella
1798 3055 1873 3132 illic,

475 3180 509 3236 et
534 3171 569 3235 in
594 3170 675 3236 orbe
700 3171 853 3233 uniuerso
883 3168 982 3233 luisse
1011 3188 1150 3251 semper,
1181 3168 1336 3233 ostendit.
1382 3168 1600 3234 Occurrerant
1628 3167 1685 3232 alii
1713 3167 1872 3233 aduersus

473 3281 673 3347 calumniam
683 3281 705 3346 ⁰.
747 3281 932 3364 Cyprianus
949 3302 970 3344 a
987 3280 1079 3344 senio
1097 3280 1212 3344 mundi
1230 3300 1302 3344 esse
1319 3279 1401 3344 haec
1418 3281 1474 3359 ait,
1492 3301 1513 3344 a
1530 3280 1673 3363 peccatis
1689 3277 1871 3357 hominum,

471 3395 518 3458 ab
535 3393 608 3458 aliis
630 3392 720 3458 falsis
743 3392 962 3476 religionibus,
978 3400 1012 3456 et
1026 3412 1048 3455 a
1062 3391 1343 3474 persecutionibus
1365 3412 1534 3456 seruorum
1558 3391 1631 3455 Dei.
1676 3391 1773 3455 ‘Non
1795 3390 1873 3474 quia

474 3506 544 3570 ‘dii
567 3525 633 3570 non
656 3504 815 3584 coluntur,
838 3505 897 3569 sed
920 3504 998 3586 quia
1021 3503 1113 3568 Deus
1139 3524 1206 3568 non
1230 3504 1356 3568 colitur.
1403 3502 1548 3587 Lapides
1572 3503 1734 3569 coluntur.
1779 3502 1872 3565 Deus

473 3615 585 3682 ‘solus
600 3637 667 3681 non
681 3615 806 3695 colitur,
822 3625 879 3679 aut
898 3634 965 3679 non
982 3612 1137 3697 impune,'
1165 3615 1212 3679 ait
1228 3615 1425 3698 Cyprianus.
1464 3614 1527 3679 Ait
1548 3615 1637 3678 aliud
1652 3613 1871 3696 Augustinus.

474 3737 511 3792 at
532 3728 636 3792 refero
658 3727 700 3791 ad
722 3729 855 3793 tertium
879 3727 1018 3792 librum:
1050 3727 1106 3790 ubi
1126 3728 1189 3792 hoc
1211 3727 1300 3791 idem
1323 3736 1375 3791 est
1397 3728 1651 3792 retractandum.
1697 3725 1770 3790 Iam
1792 3724 1871 3790 satis

474 3839 654 3903 iudicatum
678 3839 721 3903 de
739 3839 824 3902 ueris
842 3839 973 3918 caussis,
989 3847 1149 3903 retectum
1165 3839 1208 3902 de
1227 3847 1414 3920 praetextu.
1459 3838 1574 3921 Atque
1595 3838 1622 3901 si
1646 3838 1772 3916 dicitur,
1787 3837 1872 3900 bene

475 3949 529 4014 uel
551 3959 762 4031 praetextum
780 3949 868 4013 hunc
886 3948 957 4013 tolli
977 3949 1195 4014 seditionum:
1219 3950 1444 4032 responderim
1464 3970 1534 4032 ego,
1550 3949 1657 4014 uerius
1677 3949 1744 4013 imo
1762 3968 1873 4012 occur-

473 4062 614 4124 rendum
629 4060 828 4125 seditionum
844 4061 976 4126 caussis.
1009 4081 1086 4124 nam
1102 4070 1278 4143 praetextu
1294 4082 1361 4125 uno
1376 4061 1500 4140 auulso,
1516 4081 1581 4125 non
1596 4060 1708 4126 deficit
1723 4060 1814 4128 alter.

508 4269 518 4300 ²
533 4271 593 4320 Tac.
607 4284 620 4318 a
633 4270 698 4320 Ann.
709 4283 749 4335 59.
847 4269 858 4298 ¹
874 4270 962 4334 Polyb.
973 4284 994 4322 a.
1005 4285 1033 4334 3;
1051 4269 1123 4324 Caes.
1137 4285 1151 4335 3
1163 4271 1191 4322 B.
1203 4270 1235 4322 G.
1250 4285 1295 4328 20;
1313 4271 1368 4321 Liu.
1381 4284 1403 4335 5.
1416 4282 1493 4335 7.1o;
1511 4272 1611 4338 Lampr.
1623 4272 1712 4328 Alex.;
1730 4270 1784 4320 Pol.
1798 4269 1872 4330 Gal.;

476 4355 578 4421 Vopisc.
591 4353 643 4404 Sat.
657 4367 667 4402 1
680 4370 687 4414 ;
704 4353 768 4404 Scal.
781 4367 804 4416 3.
815 4368 857 4417 po.
871 4365 908 4418 17.
1150 4353 1160 4384 ⁸
1176 4354 1249 4404 Caes.
1261 4352 1284 4404 6.
1298 4353 1327 4403 Β.
1340 4353 1372 4406 G.
1387 4367 1424 4416 ¹4·
1667 4354 1676 4384 ⁴
1692 4353 1753 4405 Tac.
1765 4369 1788 4417 4
1802 4353 1871 4402 Hist.

704 4435 715 4466 ⁵
730 4435 806 4487 Card.
817 4435 896 4487 Euco.
908 4436 985 4486 Nero.
1386 4437 1396 4467 ⁸
1412 4437 1488 4502 Cypr.
1499 4437 1557 4488 adu.
1569 4438 1643 4488 Dem.
