4456 5566
675 705 736 758 DE
764 705 867 759 IURE
895 704 1028 772 BELLI,
1058 704 1184 770 LIB.I,
1218 705 1306 761 CAP.
1334 704 1363 761 V.
1677 707 1716 774 27

322 948 481 1011 rationem
503 946 691 1026 humanam,
708 968 774 1030 qua
795 949 839 1011 ad
861 947 1063 1026 societatem,
1078 967 1145 1011 non
1168 947 1211 1012 ad
1230 947 1366 1012 dissidia
1381 947 1483 1030 geniti
1506 967 1637 1010 sumus:
1660 945 1718 1009 scd

321 1078 385 1122 non
406 1068 520 1122 tamen
543 1068 657 1124 contra
679 1060 858 1124 humanam
879 1061 1039 1123 rationem
1061 1079 1204 1137 omnem,
1227 1079 1369 1142 eamque
1390 1079 1475 1142 quae
1497 1058 1589 1122 iubet
1614 1057 1718 1121 disce-

321 1170 436 1234 dentes
458 1169 501 1233 ab
518 1169 663 1234 humana
681 1171 847 1250 societate,
864 1181 897 1235 et
917 1172 987 1234 iura
1004 1170 1175 1234 hominum
1193 1190 1258 1234 non
1274 1177 1414 1246 tuentes,
1431 1167 1550 1247 ulcisci,
1565 1177 1664 1252 atque
1686 1167 1719 1230 in

322 1301 360 1344 ea
381 1281 459 1359 iura,
475 1279 631 1363 legesque
653 1290 686 1345 et
710 1302 817 1346 mores
839 1302 965 1365 cogere.
1012 1282 1058 1345 Et
1079 1281 1142 1345 hoc
1165 1281 1198 1344 in
1217 1280 1410 1365 quaestione
1428 1289 1548 1358 nostra,
1564 1278 1652 1344 bella
1675 1299 1719 1342 ex

321 1393 388 1456 iure
403 1413 484 1469 esse,
501 1394 563 1458 etsi
578 1401 649 1457 tam
668 1392 772 1457 multa
787 1415 809 1457 a
821 1392 917 1457 bellis
940 1394 1006 1458 sint
1028 1391 1134 1457 mala:
1158 1392 1236 1476 quia
1258 1401 1438 1475 sequuntur
1458 1391 1601 1456 finaliter
1621 1390 1718 1462 bona,

321 1503 462 1567 reductis
473 1503 647 1567 rebellibus
662 1503 705 1567 ad
717 1503 866 1570 debitum
883 1501 1044 1568 rationis¹.
1071 1504 1117 1566 Et
1128 1503 1217 1586 quod
1230 1503 1321 1566 cuius
1332 1502 1406 1566 finis
1422 1511 1472 1567 est
1483 1502 1597 1580 bonus,
1610 1501 1719 1584 ipsum

320 1635 449 1698 quoque
471 1614 605 1694 bonum,
629 1623 662 1678 et
687 1615 809 1679 iustum
828 1625 887 1680 est.
933 1616 979 1680 Et
997 1617 1088 1698 quod
1111 1615 1222 1679 omnia
1242 1634 1301 1678 suo
1321 1613 1386 1678 fine
1408 1612 1633 1691 terminantur,
1657 1620 1718 1676 etc.

322 1725 416 1809 Quae
437 1728 481 1790 de
501 1726 683 1790 Aristotele
702 1736 778 1790 sunt
787 1725 809 1790 ².
854 1726 945 1790 Finis
968 1734 1079 1791 autem
1102 1725 1180 1791 belli
1203 1746 1281 1809 pax.
1311 1727 1354 1790 ad
1373 1745 1483 1809 quam,
1500 1725 1591 1789 etad
1607 1723 1720 1805 aequi-

321 1847 423 1902 tatem
439 1835 499 1922 (sic
520 1847 747 1920 comparatum
762 1838 881 1903 dicitur
896 1846 1013 1902 natura
1023 1835 1050 1924 ³)
1066 1838 1126 1902 nisi
1143 1857 1202 1920 per
1215 1837 1418 1920 sanguinem,
1435 1845 1468 1900 et
1483 1836 1543 1900 iras
1557 1834 1718 1899 bellorum

322 1949 451 2012 iniurias
472 1949 573 2013 ueniri
597 1969 663 2012 non
686 1949 803 2013 ualeat.
849 1948 906 2014 Sic
928 1949 1067 2013 seruitus
1090 1957 1124 2012 et
1146 1957 1261 2013 contra
1283 1957 1435 2012 naturam
1458 1953 1529 2026 est;
1552 1956 1586 2010 et
1606 1953 1720 2009 tamen

321 2061 500 2124 secundum
530 2067 683 2124 naturam
710 2080 859 2142 quoque3
895 2059 980 2142 quia,
1004 2059 1058 2141 qui
1085 2059 1209 2123 iaciunt
1235 2067 1348 2123 contra
1379 2067 1541 2132 naturam,
1566 2055 1601 2120 hi
1630 2057 1721 2120 bono

322 2180 464 2248 naturae,
480 2170 644 2247 libertate,
659 2170 721 2234 frui
740 2190 806 2234 non
824 2170 957 2234 debent.
1004 2168 1080 2252 Qua
1103 2170 1145 2234 de
1168 2190 1202 2234 re
1222 2169 1349 2252 plenius
1366 2169 1400 2232 in
1418 2169 1503 2233 libro
1520 2168 1628 2232 tertio.
1674 2165 1721 2230 Et

322 2282 402 2346 haec
426 2283 474 2346 ita
499 2283 621 2348 dixerit
647 2283 718 2364 ipse
744 2281 873 2346 Cicero.¹
914 2281 961 2344 Et
986 2301 1091 2364 neque
1116 2282 1216 2344 sentit
1243 2278 1371 2345 Seneca
1396 2280 1501 2344 aliter.
1547 2280 1600 2344 De
1624 2277 1720 2343 bellis

322 2394 447 2458 iniustis
470 2394 571 2459 aiunt.
625 2395 715 2458 Nam
741 2392 855 2457 laudat
879 2392 1034 2457 Herculis
1056 2391 1144 2456 bella
1167 2390 1301 2468 Seneca,
1325 2413 1410 2475 quae
1436 2392 1522 2455 iusta
1548 2389 1686 2455 credidit
1695 2387 1719 2450 ⁴.

322 2504 544 2569 Tertullianus
567 2505 647 2568 item
670 2505 807 2568 intuitus
829 2505 863 2566 in
886 2525 934 2582 ea,
949 2524 1034 2586 quae
1057 2503 1127 2566 lieri
1150 2502 1256 2567 solent
1279 2503 1313 2566 in
1335 2502 1433 2567 bellis
1452 2503 1592 2584 saepius,
1607 2510 1640 2565 et
1656 2521 1723 2582 qua

322 2616 442 2680 iniusta
464 2625 548 2693 sunt,
564 2615 757 2678 iniustitiam
780 2615 947 2698 propriam
967 2613 1129 2678 bellorum
1144 2615 1241 2680 dixit.
1284 2612 1336 2678 At
1353 2633 1415 2676 nos
1430 2612 1625 2697 quaerimus,
1640 2612 1720 2695 quid

323 2725 390 2790 fieri
414 2726 447 2789 in
470 2725 558 2790 bello
574 2726 702 2804 debeat,
719 2736 752 2790 et
767 2746 846 2789 uero
862 2725 963 2789 etiam
985 2725 1099 2807 possit,
1116 2732 1149 2789 et
1163 2725 1289 2790 lactum
1313 2725 1364 2802 sit,
1378 2733 1479 2806 atque
1501 2723 1559 2789 fiat
1574 2745 1594 2788 a
1608 2723 1722 2807 probis

323 2857 459 2919 semper.
514 2835 615 2919 Quod
637 2845 750 2900 autem
773 2833 926 2899 militiam
949 2835 1157 2914 condemnat,
1174 2836 1207 2899 id
1231 2835 1406 2918 praecipue
1428 2843 1563 2918 propter
1584 2833 1721 2898 idolola-

322 2949 418 3011 triam
438 2948 536 3012 sacit:
561 2969 645 3031 quae
667 2956 739 3011 tum
758 2947 917 3028 temporis
940 2947 972 3008 in
997 2945 1220 3025 Sacramenta,
1242 2957 1276 3010 et
1297 2947 1330 3010 in
1353 2945 1539 3028 Principum
1562 2945 1721 3028 imagines

323 3059 576 3141 impendebatur
584 3058 607 3123 ⁶.
629 3066 666 3121 ut
689 3057 815 3139 liquido
835 3059 923 3139 apud
946 3078 1023 3121 eum
1046 3058 1158 3121 uidere
1177 3067 1234 3122 est.
1280 3057 1456 3122 Lactantio
1480 3076 1564 3121 nunc
1587 3075 1721 3139 respon-

322 3171 439 3234 demus
469 3169 589 3234 eodem
619 3169 730 3247 modo,
763 3178 796 3232 et
827 3166 1005 3250 Cypriano,
1033 3177 1068 3233 et
1098 3168 1267 3252 Gregorio,
1300 3169 1427 3251 ipsique
1456 3169 1541 3232 adeo
1572 3167 1721 3230 Erasmo.

324 3280 358 3343 Is
380 3281 468 3344 enim
491 3281 538 3344 sic
559 3280 603 3344 ad
628 3279 832 3363 Cyprianum
854 3279 1001 3356 adnotat,
1019 3280 1300 3361 quemadmodum
1324 3287 1456 3343 sanctus
1478 3277 1535 3343 ille
1557 3277 1722 3359 uitupera-

323 3391 406 3456 uerit
427 3391 523 3469 bella,
538 3392 616 3474 quia
638 3389 794 3473 pleraque
817 3399 925 3454 essent
947 3390 1060 3455 omnia
1082 3390 1209 3468 iniusta,
1225 3390 1292 3453 imo
1315 3390 1448 3454 omnino
1470 3388 1583 3454 omnia
1601 3389 1722 3453 iniusta

323 3511 440 3580 essent,
455 3512 492 3566 ut
515 3522 599 3566 nunc
620 3501 709 3566 bella
723 3501 791 3585 geri
815 3511 1062 3566 consueuerunt.
1108 3500 1164 3564 Ex
1180 3501 1244 3564 isto
1262 3500 1462 3582 praeiudicio
1478 3499 1635 3563 Erasmus
1650 3500 1722 3582 ipse

323 3635 397 3678 suas
419 3612 551 3679 conficit
574 3614 725 3688 rationes,
745 3621 779 3676 et
802 3613 1001 3676 declamitat.
1048 3611 1166 3695 Itaque
1189 3611 1347 3694 puerilem
1370 3610 1439 3675 eius
1461 3611 1721 3694 disputationem

323 3727 430 3790 dicere
452 3725 557 3808 possit
584 3725 702 3788 merito
726 3722 975 3788 Bellarminus⁶.
1015 3722 1086 3787 Alii
1110 3724 1292 3817 Erasmum¹
1306 3721 1409 3798 nobis,
1432 3721 1487 3786 alii
1506 3722 1540 3788 in
1559 3723 1722 3788 contraria

324 3837 463 3901 afferunt
485 3836 532 3900 sic
553 3845 655 3918 parte.
701 3835 802 3900 Forte
819 3844 931 3899 autem
952 3835 1050 3900 tertia
1064 3834 1160 3899 suerit
1183 3834 1295 3917 opinio
1310 3834 1424 3914 uerior,
1439 3854 1500 3900 nec
1518 3854 1594 3898 eum
1609 3835 1723 3914 scisse,

324 3949 400 4032 quid
427 3955 583 4026 censeret,
605 3946 769 4030 pendulus
795 3946 967 4013 litterator.
1023 3947 1135 4010 Etiam
1159 3946 1290 4010 uidetur
1316 3945 1405 4024 mihi,
1427 3967 1533 4029 neque
1555 3946 1638 4011 alios
1660 3946 1722 4012 sibi

325 4059 507 4124 constitisse
528 4057 581 4122 hic
604 4078 735 4140 semper
756 4066 877 4140 patres.
935 4056 1136 4124 Audiuimus
1159 4057 1365 4144 Gregorium.
1402 4056 1471 4122 eius
1493 4067 1606 4125 tamen
1628 4057 1722 4140 plura

324 4179 399 4234 sunt
421 4170 455 4234 in
479 4169 631 4247 Decreto,
653 4189 738 4252 quae
760 4167 885 4232 bellum
912 4169 1086 4250 probantl.
1131 4167 1402 4253 Theophylactus
1425 4168 1480 4247 ait,
1499 4169 1627 4233 ‘minus
1650 4189 1722 4233 esse

443 4437 451 4466 ¹
467 4437 521 4488 Bal.
533 4438 614 4489 Castr.
626 4437 643 4485 l.
656 4450 670 4502 5
682 4436 713 4486 de
724 4437 780 4488 iust.
793 4437 839 4500 (D.
854 4449 875 4484 1.
890 4437 924 4499 r).
1022 4436 1032 4465 ¹
1049 4436 1128 4488 Arist.
1141 4437 1219 4500 21²0.
1233 4448 1271 4500 14.
1285 4445 1307 4500 7.
1406 4437 1416 4466 ¹
1431 4436 1566 4486 Scanderb.
1577 4435 1601 4485 6.

533 4521 542 4550 ⁴
559 4520 615 4570 Sen.
630 4535 651 4571 1.
662 4520 694 4570 de
705 4519 789 4570 Benet'.
804 4533 814 4568 r
819 4534 841 4582 3.
1046 4520 1056 4550 ⁸
1071 4520 1138 4572 Suet.
1150 4521 1207 4571 Tib.
1220 4535 1266 4584 44;
1284 4537 1308 4584 4.
1321 4521 1439 4570 Herodis.
1452 4535 1472 4570 c.
1485 4535 1507 4584 3.

351 4601 402 4653 Bel.
414 4603 488 4653 Cont.
500 4601 532 4652 de
543 4602 640 4653 Concil.
653 4601 698 4654 lib.
707 4615 730 4666 3.
740 4617 761 4652 c„
773 4616 819 4666 r4;
837 4601 907 4653 Pam.
919 4602 951 4652 ed
963 4605 1052 4668 Cypr.;
1065 4603 1133 4653 Dan.
1144 4603 1176 4652 ad
1188 4603 1278 4652 Bellar.
1313 4601 1322 4630 ⁷
1335 4602 1409 4652 Decr.
1421 4615 1442 4650 a.
1452 4617 1526 4650 causa
1540 4614 1577 4663 ²3·
1586 4615 1609 4663 q.
1617 4601 1640 4648 8.
1650 4616 1671 4651 c.
1683 4612 1720 4664 ιγ.

997 4830 1054 4878 Ea
