4604 5562
476 723 517 790 70
961 719 1164 775 ALBERJCJ
1191 717 1392 773 canaram

473 961 583 1042 ‘ignis
614 959 802 1025 defenditur
830 980 938 1044 aegre.
975 962 1057 1026 utile
1087 962 1235 1027 finitimis
1265 961 1461 1026 abstinuisse
1491 957 1610 1023 locis¹.'
1663 957 1730 1040 Qui
1761 978 1874 1022 uersus

473 1071 696 1153 prouerbiales
714 1082 749 1136 et
771 1071 804 1134 in
828 1071 891 1137 hoc
914 1081 1010 1136 sunt:
1039 1083 1072 1138 et
1094 1073 1268 1157 prouerbia
1291 1073 1392 1136 fidem
1415 1070 1558 1153 aliquam
1579 1067 1734 1133 faciunt².
1780 1069 1874 1134 Facit

473 1180 536 1258 hic,
549 1182 639 1264 quod
656 1182 732 1246 licet
747 1183 847 1246 aedes
861 1183 1011 1247 demoliri
1027 1184 1134 1262 uicini,
1146 1205 1188 1248 ne
1203 1185 1246 1248 ad
1262 1203 1322 1246 nos
1337 1182 1523 1246 incendium
1541 1181 1652 1244 ueniat
1662 1179 1685 1242 ³.
1723 1178 1768 1244 Et
1784 1181 1873 1261 quod

473 1293 517 1355 de
540 1293 640 1356 domo
664 1293 829 1374 pestilenti
852 1294 1039 1375 quaesitum
1061 1294 1240 1376 aliquando
1262 1293 1351 1358 idem
1375 1302 1426 1357 est
1448 1293 1510 1356 etsi
1529 1293 1571 1356 de
1593 1290 1656 1354 hoc
1680 1273 1873 1374 responsum

473 1414 588 1468 contra
611 1413 661 1469 est
670 1403 692 1470 ⁴.
738 1405 869 1470 Domus
891 1414 1004 1469 tamen
1027 1406 1148 1470 insecta
1166 1406 1257 1488 lepra
1277 1404 1529 1469 subnectebatur
1538 1403 1559 1467 ⁵.
1604 1404 1651 1468 Et
1673 1403 1705 1465 in
1727 1402 1874 1485 pluribus

474 1518 520 1580 sic
536 1527 596 1594 est,
613 1528 649 1581 ut
664 1517 760 1582 liceat
777 1517 864 1582 male
878 1517 950 1581 aliis
968 1516 1086 1595 iacere,
1101 1539 1144 1582 ne
1159 1518 1254 1581 nobis
1271 1516 1357 1581 male
1375 1518 1417 1581 sit
1427 1516 1448 1581 ⁶.
1496 1515 1653 1580 Cauenda
1671 1515 1779 1578 omnis
1797 1534 1874 1579 con-

474 1628 564 1710 tagio
580 1637 639 1702 est,
656 1637 690 1692 et
709 1628 855 1693 maxime
871 1629 979 1693 uicini.
1021 1627 1113 1692 Mala
1129 1629 1226 1692 uicini
1244 1627 1358 1710 populi
1375 1627 1527 1709 contagia
1543 1625 1688 1689 laedunt.
1731 1625 1874 1689 Romani

474 1739 567 1820 quasi
591 1739 789 1821 contagione
804 1739 949 1821 quadam
969 1735 1020 1824 (ut
1042 1739 1149 1821 inquit
1171 1736 1301 1824 Florus)
1320 1739 1426 1802 ierunt
1450 1757 1508 1819 per
1530 1736 1685 1819 singulos,
1705 1745 1738 1800 et
1761 1736 1874 1818 proxi-

475 1850 537 1914 mis
555 1851 739 1934 quibusque
762 1851 919 1932 correptis
938 1859 1045 1914 totam
1063 1851 1125 1914 sub
1144 1871 1179 1914 se
1199 1851 1329 1914 Italiam
1354 1851 1557 1931 redegerunt,
1576 1857 1609 1912 et
1632 1848 1789 1930 quicquid
1813 1849 1874 1910 im-

473 1963 554 2043 perii
576 1941 793 2026 habuerunt⁷.
838 1961 951 2027 ‘Ante
974 1961 1085 2043 ignem
1104 1981 1208 2042 uapor
1230 1961 1358 2039 camini,
1377 1970 1410 2024 et
1433 1955 1582 2022 sumus?
1607 1957 1769 2022 Siracides
1792 1979 1873 2040 quo-

474 2070 570 2154 que⁸.
615 2073 643 2136 F
646 2092 757 2135 umum
774 2093 794 2136 a
810 2073 917 2136 uicino
935 2073 1093 2136 sentimus
1112 2073 1272 2150 incendio,
1288 2082 1320 2135 et
1337 2072 1402 2155 igni
1422 2071 1666 2152 exstinguendo
1681 2088 1746 2133 non
1763 2091 1873 2134 accur-

475 2204 593 2258 remus,
610 2183 665 2247 ubi
682 2181 754 2247 est?
800 2183 1010 2268 Rescriptum
1026 2193 1085 2263 est,
1101 2184 1197 2249 licere
1213 2183 1356 2261 cuilibet,
1373 2183 1456 2248 serre
1472 2184 1580 2247 uicino
1598 2201 1697 2264 opem
1716 2183 1873 2245 aduersus

475 2295 626 2359 iniuriam
635 2296 657 2360 ⁹.
688 2295 754 2359 imo
773 2295 889 2379 culpae
906 2316 1038 2379 quoque
1058 2296 1162 2360 uideri
1180 2296 1384 2378 participem,
1402 2295 1458 2378 qui
1482 2314 1549 2358 non
1571 2294 1751 2376 opituletur
1773 2295 1872 2357 etiam

475 2406 606 2471 inimico
624 2408 765 2490 capitali,
783 2408 883 2472 etiam
904 2417 1019 2472 contra
1037 2428 1135 2490 opem
1155 2408 1290 2483 dicenti,
1306 2410 1428 2473 nedum
1450 2406 1638 2490 postulanti.
1683 2405 1737 2469 De
1754 2427 1821 2488 quo
1840 2415 1873 2470 et

475 2518 587 2582 notaui
603 2527 690 2597 ante,
707 2528 739 2583 et
755 2519 879 2584 notabo
894 2519 1003 2584 adhuc
1018 2518 1169 2602 sequenti
1185 2520 1303 2601 capite.

1060 2907 1148 2982 Car.
1181 2907 1291 2982 XVI.

573 3083 575 3090 Α
654 3111 713 3182 De
737 3107 892 3182 subditis
917 3107 1046 3181 alienis
1071 3116 1199 3181 contre
1224 3108 1429 3182 Dominum
1454 3109 1691 3206 defendendis.

519 3309 689 3392 QUAERO,
705 3309 732 3372 si
748 3309 899 3373 subditos
917 3329 1050 3391 quoque
1067 3307 1193 3372 alienos
1216 3307 1424 3372 defendimus
1442 3309 1528 3374 iuste
1546 3320 1661 3374 contra
1680 3306 1874 3374 dominum?

474 3421 603 3503 etquid
621 3420 647 3482 si
668 3421 769 3484 etiam
786 3421 906 3484 iniusta
927 3421 1106 3484 eorundem
1125 3439 1241 3482 caussa
1259 3418 1324 3483 sit?
1371 3419 1477 3485 Notat
1493 3419 1700 3495 Ambrosius,
1717 3429 1784 3484 tres
1800 3421 1874 3484 illos

474 3531 521 3596 ita
551 3533 678 3597 cauisse
708 3532 809 3610 Deos,
839 3531 965 3607 Iouem,
993 3531 1198 3614 Neptunum,
1225 3531 1409 3607 Plutonem,
1438 3553 1478 3595 ne
1512 3542 1668 3615 usurpata
1692 3532 1873 3597 alienarum

474 3644 618 3726 partium
634 3643 853 3709 sollicitudine
868 3643 992 3708 bellum
1009 3645 1093 3708 inter
1107 3664 1143 3707 se
1158 3652 1310 3726 gererent
1319 3641 1353 3707 ¹⁰.
1381 3643 1477 3707 ‘Non
1494 3643 1540 3706 illi
1556 3644 1731 3726 imperium
1748 3643 1874 3728 pelagi,’

474 3764 536 3818 etc.
582 3756 694 3819 Etiam
717 3757 819 3833 aiunt,
835 3757 925 3820 ‘Nos
948 3756 1004 3818 Dii
1027 3755 1188 3820 habemus
1207 3755 1304 3819 istam
1327 3755 1455 3839 legem:
1487 3775 1585 3840 nemo
1609 3756 1680 3821 uult
1707 3777 1875 3820 occurrere

474 3869 481 3896 ‘
498 3865 671 3947 cupiditati
687 3865 836 3944 uolentis,
851 3867 909 3930 sed
925 3868 1072 3930 cedimus
1088 3885 1218 3948 semper
1232 3866 1287 3929 alii
1303 3866 1375 3930 aliis
1384 3864 1427 3931 ¹¹.'
1473 3867 1568 3950 Quae
1583 3889 1603 3932 a
1621 3869 1874 3949 sapientissimis

475 3974 553 4037 uiris
583 3975 700 4053 efficta,
726 3987 759 4040 et
788 3977 831 4041 ad
860 3977 1026 4059 Principes
1053 3977 1086 4038 in
1110 3978 1205 4040 terris
1228 3979 1482 4042 accommodata
1505 3988 1591 4043 sunt.
1646 3978 1713 4044 Sed
1744 3991 1778 4044 et
1805 3979 1875 4043 sine

475 4084 617 4167 ambage
643 4084 710 4149 ulla
737 4086 898 4152 Corinthii
925 4088 971 4151 sic
995 4088 1172 4171 loquuntur
1194 4086 1347 4163 Athenis,
1368 4088 1515 4172 ‘Aperte
1537 4111 1706 4172 negamus,
1730 4091 1875 4173 aliquem

476 4358 484 4386 ¹
503 4357 561 4407 Oui.
572 4359 643 4407 Rem.
653 4358 712 4406 Am.
724 4355 781 4421 625.
835 4356 846 4385 ¹
862 4357 938 4408 Arist.
953 4373 975 4408 1.
987 4357 1036 4408 Rh.
1050 4358 1093 4415 16;
1105 4358 1185 4424 Ceph.
1197 4375 1264 4410 cons.
1276 4360 1316 4410 82.
1367 4361 1378 4391 ⁸
1393 4361 1462 4426 1.49.
1477 4361 1508 4411 de
1519 4363 1551 4413 le.
1562 4361 1611 4427 Aq.
1625 4361 1670 4426 (D.
1682 4375 1706 4425 9.
1720 4361 1762 4423 2);
1782 4360 1800 4409 l.
1813 4375 1836 4422 3.
1845 4359 1877 4409 de

475 4441 537 4492 inoe.
550 4440 595 4504 (D.
606 4451 646 4504 47.
658 4441 698 4506 9);
715 4440 733 4490 1.
746 4449 768 4503 7.
781 4439 847 4507 quod
859 4440 890 4490 ui.
904 4440 950 4505 (D.
962 4455 1002 4506 43.
1018 4441 1068 4504 ²4)-
1264 4441 1274 4471 ‘
1291 4443 1353 4494 Dec.
1366 4443 1503 4508 cons651.
1715 4444 1724 4473 ¹
1741 4442 1821 4492 lenit.
1838 4455 1875 4504 14·

654 4521 665 4552 ⁸
681 4524 698 4573 l.
711 4538 751 4588 29.
765 4523 809 4573 ubi
820 4524 854 4588 gl.
865 4525 897 4574 de
907 4523 936 4574 le.
949 4526 996 4590 Aq.
1012 4522 1057 4587 (D.
1069 4541 1092 4591 9.
1104 4524 1138 4590 a).
1211 4523 1222 4553 i
1239 4525 1306 4576 Flor.
1318 4527 1362 4578 lib.
1379 4540 1400 4578 r.
1412 4544 1433 4578 c.
1448 4542 1471 4592 9.
1540 4525 1550 4556 ⁸
1567 4527 1634 4578 Eoel.
1648 4541 1686 4576 aa.

548 4606 557 4635 ⁸
574 4623 596 4658 c.
608 4606 632 4658 6.
644 4608 676 4657 de
687 4623 720 4659 se.
731 4623 784 4659 exc.
797 4606 828 4667 6;
841 4609 905 4673 Eug.
917 4623 984 4658 cons.
998 4622 1038 4674 90.
1181 4607 1200 4638 ¹⁰
1216 4609 1304 4660 Ambr.
1319 4625 1340 4660 1.
1352 4611 1383 4661 de
1395 4611 1443 4661 off.
1458 4625 1495 4676 13.
1644 4609 1661 4638 ²¹
1678 4609 1737 4660 Eur.
1750 4609 1812 4672 Hip.
