4456 5566
956 712 1158 768 ALBERICI
1186 712 1386 766 GENTILIS

1084 1105 1174 1178 CAP.
1206 1105 1255 1178 X.

613 1302 661 1374 Si
682 1303 861 1399 Princeps
886 1303 1109 1401 Relr'grbnem
1135 1306 1223 1378 bello
1248 1307 1353 1402 apud
1373 1332 1455 1379 suos
1479 1308 1571 1380 iuste
1595 1317 1729 1381 tuetur.

518 1499 731 1568 CAETERUM
748 1513 781 1567 et
796 1505 839 1568 de
854 1525 894 1569 eo
912 1505 1122 1588 dispiciamus
1140 1507 1337 1589 diligentius,
1355 1509 1383 1571 si
1401 1510 1651 1574 temeratoribus
1667 1520 1818 1592 receptae
1835 1509 1868 1574 in
1914 1587 1919 1598 Ι

472 1612 605 1677 ciuitate
621 1612 785 1697 religionis
800 1614 919 1679 ferrum
937 1627 970 1680 et
984 1617 1108 1681 bellum
1125 1617 1222 1682 liceat
1237 1619 1408 1684 intentare.
1443 1619 1531 1684 Sane
1546 1630 1656 1686 autem
1672 1621 1867 1686 uiolatarum

472 1724 665 1807 religionum
681 1727 801 1808 ubique
816 1747 958 1810 poenam
973 1728 1117 1812 aliquam
1136 1729 1234 1794 fuisse
1250 1731 1474 1808 constitutam,
1489 1731 1630 1814 legimus
1640 1729 1661 1795 ¹.
1707 1733 1753 1796 Et
1771 1733 1867 1797 Plato

473 1835 505 1898 in
527 1845 741 1902 temeratores
760 1837 926 1921 religionis
948 1839 1053 1904 sancit
1075 1860 1218 1923 poenam
1241 1840 1391 1924 capitis2.
1436 1842 1556 1906 Uarias
1570 1843 1720 1908 sanciunt
1736 1853 1867 1908 nostrae

473 1946 562 2029 leges
572 1947 593 2009 ³.
640 1948 794 2014 Socrates
821 1949 864 2012 ob
895 1950 980 2014 hanc
1008 1971 1156 2016 caussam
1183 1962 1319 2017 necatur
1346 1953 1509 2017 Athenis:
1540 1954 1705 2036 Diagoras
1731 1956 1867 2036 proscri-

472 2057 570 2122 bitur.
594 2059 648 2122 alii
665 2059 743 2123 alibi
762 2060 951 2138 multantur,
967 2061 1157 2126 necantur⁴.
1191 2062 1246 2127 Sic
1261 2062 1435 2128 Abraham
1451 2074 1583 2129 coactus
1598 2074 1724 2129 uertere
1739 2065 1866 2130 solum:

470 2169 527 2251 qui
551 2191 650 2235 ausus
676 2171 831 2236 innouare
855 2172 1064 2255 religionem:
1103 2183 1137 2239 et
1165 2195 1186 2238 a
1213 2174 1388 2239 Chaldaeis
1418 2175 1531 2258 pulsus
1561 2197 1635 2240 cum
1665 2185 1737 2240 tota
1765 2178 1867 2242 domo

472 2280 575 2362 patris
584 2282 606 2344 ⁶.
653 2281 730 2346 Plus
745 2282 884 2366 legimus
899 2285 932 2346 in
948 2283 1103 2360 Decreto‚
1118 2286 1299 2368 proiectum
1310 2285 1483 2350 Abraham
1499 2287 1532 2348 in
1548 2287 1668 2371 ignem,
1685 2296 1718 2352 et
1733 2288 1866 2353 fratrem

471 2390 585 2456 Aran:
617 2402 653 2458 ut
679 2415 777 2476 quem
806 2393 968 2458 noluerint
998 2396 1143 2476 adorare,
1170 2405 1204 2460 et
1235 2399 1423 2461 uenerando
1453 2397 1560 2462 colere
1590 2407 1867 2482 contempserunt,

471 2503 619 2567 diuinum
634 2525 756 2568 numen
771 2507 942 2570 exurendo
957 2507 1116 2571 sentirent
1125 2507 1145 2570 ⁶.
1184 2506 1284 2590 Quod
1301 2517 1334 2572 et
1350 2507 1565 2590 Augustinus,
1583 2519 1616 2572 et
1633 2509 1866 2592 Hieronymus,

471 2635 536 2678 non
563 2615 696 2699 quidem
723 2617 766 2680 de
792 2617 967 2699 scripturis,
990 2619 1048 2682 sed
1078 2619 1120 2682 de
1145 2619 1322 2683 traditione
1347 2620 1440 2684 aiunt
1468 2620 1698 2685 Hebraeorum
1707 2621 1730 2687 ⁷.
1773 2620 1867 2686 Ana-

471 2726 592 2790 charsis
610 2727 656 2792 sic
678 2727 867 2792 interfectus
889 2748 909 2791 a
932 2729 999 2792 suis
1020 2727 1204 2793 Thracibus
1226 2730 1269 2793 ob
1289 2729 1432 2794 Graecos
1455 2731 1535 2796 ritus
1558 2732 1676 2813 quibus
1702 2733 1865 2809 utebatur,

469 2837 546 2902 illuc
574 2859 720 2903 reuersus
744 2859 788 2904 ex
813 2837 990 2920 Graecia&
1029 2839 1159 2904 Romae
1183 2840 1271 2904 nulla
1296 2842 1468 2924 peregrina
1491 2862 1592 2921 sacra,
1618 2843 1696 2907 inde
1719 2865 1822 2926 usque
1845 2865 1866 2908 a

470 2947 544 3030 lege
567 2949 711 3026 Romuli,
735 2971 820 3032 quae
843 2951 885 3014 de
907 2951 1087 3033 peregrinis
1109 2950 1183 3015 Diis
1205 2972 1271 3016 non
1294 2952 1440 3016 colendis
1463 2963 1496 3016 et
1514 2953 1613 3016 sacris
1632 2954 1777 3019 externis
1799 2975 1865 3020 non

470 3061 647 3143 operandis
662 3061 750 3124 cauit
765 3060 940 3143 diligenter
948 3062 969 3124 ⁹.
1016 3063 1062 3126 Et
1080 3062 1171 3127 nullo
1189 3072 1301 3127 tamen
1319 3084 1385 3128 non
1404 3063 1555 3128 inuitauit
1572 3064 1628 3128 ille
1646 3065 1678 3128 in
1697 3065 1865 3131 ciuitatem

469 3191 563 3234 suam
590 3171 813 3236 illectamento
840 3193 964 3237 omnes.
1010 3174 1055 3238 Et
1082 3173 1177 3238 multi
1199 3183 1311 3238 tamen
1334 3175 1480 3257 undique
1502 3175 1615 3259 populi
1639 3176 1672 3239 in
1697 3177 1864 3243 ciuitatem

468 3281 708 3347 confluxerunt.
768 3283 818 3348 Ut
846 3283 910 3348 hoc
940 3283 1075 3349 miratur
1104 3284 1171 3348 fieri
1201 3285 1355 3368 potuisse,
1385 3305 1444 3349 nec
1482 3285 1668 3369 irrepserint
1705 3308 1780 3353 cum
1813 3297 1865 3354 tot

468 3394 646 3477 peregrinis
665 3394 837 3476 religiones
857 3396 1034 3459 eorundem
1056 3396 1254 3480 peregrinae,
1271 3407 1370 3479 atque
1385 3397 1506 3476 laudat,
1522 3397 1703 3481 Dionysius
1715 3397 1748 3463 ¹⁰.
1792 3399 1864 3464 Au·

467 3515 583 3589 gustus
601 3505 646 3572 sic
665 3505 766 3570 coluit
785 3516 912 3570 ueteres
934 3518 1167 3591 receptasque:
1192 3518 1225 3572 et
1248 3529 1351 3572 nouas
1369 3529 1435 3572 non
1456 3509 1539 3587 tulit,
1558 3518 1615 3573 aut
1633 3511 1821 3593 peregrinas
1831 3509 1863 3576 ¹¹.

468 3617 515 3682 Et
541 3618 692 3682 Tiberius
719 3639 837 3683 saeuus
862 3619 963 3683 etiam
987 3620 1161 3684 aduersum
1189 3629 1344 3684 externas
1370 3621 1581 3698 ceremonias,
1606 3631 1640 3685 et
1664 3621 1863 3705 Aegyptios,

467 3738 500 3792 et
517 3729 669 3794 Iudaicos
685 3731 775 3794 ritus.
821 3729 890 3795 Sed
906 3731 1135 3814 exemplorum
1151 3732 1319 3796 hactenus.
1359 3731 1421 3796 Ait
1436 3753 1515 3796 uero
1531 3732 1694 3797 Iohannes
1711 3733 1863 3813 Bodinus,

466 3840 556 3922 quod
587 3840 788 3922 legislatores
817 3862 942 3918 omnes,
973 3842 1074 3905 fidem
1104 3841 1310 3905 subditorum
1344 3842 1376 3905 in
1410 3842 1577 3926 Principes
1608 3843 1651 3907 ab
1684 3844 1863 3908 eorundem

466 3949 672 4014 subditorum
690 3950 844 4034 religione
860 3952 1014 4035 pendere,
1031 3953 1223 4027 censuerint,
1241 3974 1305 4017 una
1324 3963 1358 4018 et
1377 3953 1567 4038 Philosophi
1577 3953 1611 4019 ¹².
1655 3955 1701 4018 Et
1720 3956 1766 4019 ita
1784 3975 1863 4020 sane

468 4061 644 4125 Maecenas
660 4063 786 4126 monuit
802 4061 1003 4145 Augustum,
1020 4073 1057 4126 ut
1072 4064 1114 4126 ad
1131 4073 1297 4146 receptam
1314 4086 1404 4130 more
1419 4067 1526 4148 patrio
1542 4066 1733 4150 religionem
1749 4087 1863 4130 omnes

595 4284 604 4313 ¹
620 4285 677 4336 Sen.
689 4298 711 4347 3.
724 4284 755 4334 de
766 4285 849 4334 Bener'.
948 4284 958 4313 ¹
974 4286 1028 4337 Pla.
1042 4301 1081 4336 10.
1092 4286 1124 4336 de
1135 4287 1205 4352 Legi.
1219 4289 1255 4353 (p.
1266 4287 1337 4352 908).
1432 4289 1442 4319 ¹
1459 4290 1488 4341 C.
1500 4289 1531 4340 de
1542 4290 1634 4341 haeret.
1647 4292 1683 4353 (1.
1695 4292 1732 4354 5).

467 4367 477 4397 ⁴
493 4365 555 4416 lust.
569 4381 591 4416 1.
602 4367 694 4433 Apol.;
711 4369 776 4418 Iose.
788 4383 808 4419 1.
821 4369 885 4432 Ap:
902 4368 957 4420 Cic.
969 4383 990 4419 1.
1001 4369 1032 4419 de
1044 4370 1104 4419 Nat.
1116 4369 1193 4421 Deor.
1207 4384 1236 4432 ²3
1244 4389 1251 4429 ;
1269 4371 1323 4420 Plu.
1336 4371 1392 4422 Nic.
1457 4372 1468 4402 ⁸
1485 4373 1549 4424 Iose.
1564 4386 1585 4421 1.
1598 4373 1657 4424 Ant.
1672 4383 1697 4436 7;
1714 4371 1827 4424 Iudithae
1839 4387 1864 4438 5.

531 4449 730 4516 ¹c.1.35.q.1.
795 4449 1159 4517 'A.Gen.q.a5;H.e.1r.
1226 4451 1483 4519 ⁸Herodo.4.e.76.
1549 4455 1796 4521 ’ManuhdeLegi

569 4531 588 4564 ¹⁰
604 4533 708 4599 Dionys.
723 4548 745 4585 a.
758 4535 845 4600 Antiq.
859 4549 897 4600 19.
980 4534 997 4563 ¹¹
1013 4534 1068 4586 Sue.
1082 4536 1148 4600 Aug.
1160 4551 1207 4602 933
1224 4537 1284 4589 Dio.
1297 4551 1336 4600 53.
1349 4551 1388 4603 54.
1414 4563 1425 4574 ν·
1470 4537 1490 4568 ¹²
1506 4539 1569 4590 Bod.
1579 4557 1604 4605 4.
1615 4539 1647 4591 de
1658 4541 1722 4606 Rep.
1735 4551 1757 4604 7.
