4456 5566
715 751 775 829 DE
805 751 908 805 IURE
938 751 1071 817 BELLI,
1104 751 1181 805 LIB.
1206 752 1229 818 l,
1262 751 1349 805 CAP.
1374 752 1396 804 Ι.
1735 759 1755 828 5

353 1014 421 1057 ram
447 993 563 1057 uolunt
590 993 734 1076 quidam,
759 1001 795 1056 ut
813 992 922 1075 plures
945 993 1083 1057 eandem
1119 1015 1186 1057 rem
1211 1003 1345 1058 teneant
1366 994 1399 1057 in
1422 994 1574 1073 solidum,
1598 1004 1632 1059 et
1654 997 1756 1078 possi·

352 1103 493 1170 deant¹:
517 1105 607 1189 quod
627 1103 821 1168 facillimum
842 1104 909 1168 imo
932 1126 975 1168 ex
995 1104 1133 1169 aliorum
1153 1106 1308 1190 opinione
1331 1107 1489 1171 uideatur.
1536 1106 1626 1190 Quid
1643 1117 1756 1172 notem

352 1221 393 1283 de
409 1220 566 1303 quaesitis
577 1240 636 1302 per
646 1219 785 1284 liberum
796 1219 965 1282 hominem
981 1218 1219 1284 seruientem²i
1241 1221 1320 1303 quid
1333 1222 1375 1285 de
1390 1220 1462 1285 aliis
1475 1219 1642 1304 pluribus?
1665 1220 1756 1312 Quid

352 1334 394 1397 de
416 1333 652 1407 controuersiis,
672 1341 706 1397 et
728 1333 989 1397 dubitationibus
1013 1333 1228 1416 interpretum
1249 1336 1293 1399 ad
1314 1334 1404 1412 haec,
1421 1337 1464 1399 ad
1487 1334 1553 1399 alia
1576 1335 1653 1398 iuris
1675 1354 1756 1417 gen·

352 1443 457 1508 tium?
502 1445 626 1510 Omnia
655 1445 704 1510 ius
730 1445 819 1509 istud
846 1445 1017 1522 incertant,
1043 1454 1077 1509 et
1103 1445 1207 1510 ferme
1231 1446 1364 1526 iaciunt,
1391 1468 1412 1510 a
1438 1455 1556 1510 natura
1581 1467 1648 1512 non
1676 1468 1756 1511 esse.

353 1557 442 1639 quod
458 1558 699 1621 contenderunt
717 1555 866 1620 nonnulli
884 1555 1074 1639 Philosophi
1090 1559 1188 1640 prius.

395 1669 446 1734 At
461 1669 504 1733 de
518 1669 743 1733 hebetioribus
751 1671 893 1751 primum
910 1672 1103 1754 respondeo,
1113 1681 1146 1736 et
1158 1674 1201 1737 de
1213 1670 1475 1754 improbioribus,
1488 1691 1569 1736 mox
1584 1672 1755 1737 absoluam

352 1781 395 1844 de
421 1781 563 1864 reliquis.
610 1781 656 1844 Et
679 1782 768 1863 quod
792 1790 921 1864 spectat
943 1784 986 1847 ad
1010 1782 1205 1860 hebetiores,
1230 1783 1446 1848 Cassiodorus
1473 1783 1642 1866 eleganter
1650 1783 1673 1862 ³,
1695 1803 1756 1848 nec

352 1894 555 1977 ineleganter
569 1914 629 1958 nos
644 1892 706 1970 hic,
723 1893 924 1958 laboriosum
947 1896 1082 1978 quidem
1105 1916 1184 1974 esse,
1201 1897 1260 1960 sed
1282 1916 1347 1959 non
1366 1897 1579 1979 impossibile,
1595 1897 1756 1961 iustitiam

352 2007 489 2070 suadere
504 2005 718 2070 mortalibus:
742 2025 842 2088 quam
858 2007 904 2070 ita
919 2017 1111 2072 cunctorum
1127 2008 1277 2073 sensibus
1292 2008 1490 2074 beneficium
1507 2009 1691 2074 diuinitatis
1705 2018 1757 2073 at·

352 2119 474 2197 tribuit,
490 2126 528 2182 ut
543 2127 576 2182 et
591 2118 648 2201 qui
664 2118 813 2183 nesciunt
829 2120 906 2197 iura,
922 2119 1082 2184 rationem
1103 2130 1216 2185 tamen
1236 2121 1384 2186 ueritatis
1399 2131 1591 2203 agnoscant.
1622 2142 1757 2186 necesse

352 2237 402 2292 est
425 2227 522 2305 enim,
539 2237 577 2291 ut
600 2228 690 2310 quod
706 2249 726 2291 a
741 2237 859 2291 natura
881 2230 1078 2307 conceditur,
1094 2231 1314 2294 submonente
1334 2231 1452 2296 iterum
1474 2231 1592 2295 eadem
1612 2231 1758 2296 suauiter

352 2340 513 2405 audiatur.
544 2339 616 2405 Aut
634 2340 661 2404 si
678 2339 846 2404 Platonica
862 2340 944 2404 haec
960 2361 1025 2405 non
1041 2342 1139 2406 ualde
1154 2342 1342 2423 probamus,
1354 2343 1443 2408 dicet
1455 2352 1542 2408 certe
1558 2342 1757 2408 Aristoteles

352 2455 462 2537 paria:
486 2454 550 2536 qui,
568 2454 697 2517 animos
713 2463 841 2542 nostros
857 2455 1045 2537 aptissimos
1062 2457 1180 2534 doceri,
1196 2457 1285 2521 dicit.
1324 2457 1370 2520 Et
1385 2457 1513 2521 utinam
1529 2477 1604 2521 cum
1621 2458 1757 2522 rudibus

352 2564 438 2642 solis,
451 2584 517 2628 non
530 2564 630 2629 etiam
642 2584 717 2629 cum
730 2565 888 2648 improbis
903 2567 1070 2648 agendum
1082 2577 1179 2632 esset.
1219 2566 1420 2651 Quanquam
1433 2590 1500 2633 non
1516 2578 1638 2635 terrere
1651 2571 1756 2653 magis

351 2686 430 2741 tunc
445 2674 546 2741 habet
561 2677 755 2759 improbitas
771 2697 871 2760 quam
887 2677 914 2741 si
929 2678 980 2741 ius
996 2679 1091 2743 ciuile
1106 2679 1149 2744 de
1164 2681 1329 2760 caedibus,
1344 2681 1447 2757 furtis,
1464 2681 1537 2746 aliis
1558 2681 1757 2760 criminibus

353 2800 386 2854 et
395 2789 524 2854 delictis
536 2791 773 2873 exponendum
789 2800 884 2868 esset,
897 2801 1000 2874 atque
1016 2792 1131 2871 sicarii,
1143 2792 1240 2871 iures,
1251 2792 1306 2857 alii
1319 2793 1494 2870 criminosi,
1508 2815 1620 2859 osores
1636 2794 1757 2877 legum,

352 2912 386 2967 et
401 2912 622 2967 contemtores
638 2903 838 2967 incurrerent
853 2923 938 2986 pene
953 2902 1216 2969 innumerabiles.
1255 2904 1355 2988 Quod
1369 2915 1483 2970 contra
1498 2907 1548 2970 ius
1564 2906 1622 2970 fiat
1637 2927 1657 2970 a
1674 2906 1757 2969 mul-

352 3017 403 3094 tis,
417 3036 483 3079 non
498 3025 672 3098 propterea
687 3017 736 3078 ius
752 3034 823 3090 non
833 3025 899 3081 est:
923 3025 958 3080 et
973 3037 1040 3080 non
1056 3017 1163 3080 minus
1179 3028 1230 3083 est
1245 3017 1310 3096 lex,
1327 3039 1427 3101 quam
1445 3018 1540 3083 multi
1556 3020 1758 3098 transgredi·

352 3137 460 3192 untur.
494 3137 531 3192 ut
549 3130 714 3210 praeclare
731 3127 921 3211 Xenophon
936 3129 983 3194 ait
998 3130 1173 3193 aduersum
1193 3130 1386 3194 concubitus
1409 3129 1583 3195 Persarum
1607 3131 1757 3195 incestos.

353 3239 405 3302 De
423 3240 494 3304 istis
512 3260 578 3304 non
599 3241 704 3323 magis
724 3240 1000 3304 considerandum
1021 3250 1071 3306 est
1089 3241 1122 3304 in
1141 3242 1209 3306 iure
1232 3242 1471 3321 constituendo,
1489 3262 1591 3324 quam
1614 3243 1657 3306 de
1679 3242 1756 3307 ieris

352 3351 466 3416 bestiis
478 3351 703 3416 consideretur
711 3349 733 3416 ⁴.
778 3352 865 3417 ‘Ista
881 3352 914 3416 in
930 3353 1033 3435 figura
1047 3353 1190 3418 hominis
1206 3353 1325 3431 feritas,
1341 3363 1374 3417 et
1389 3353 1580 3418 immanitas
1595 3352 1756 3417 belluaea

353 3466 360 3494 ‘
376 3464 543 3527 communi
559 3473 718 3546 tanquam
733 3462 941 3530 humanitate
955 3465 1100 3548 corporis
1115 3467 1320 3548 segreganda
1335 3476 1385 3529 est
1395 3465 1411 3530 ι’
1434 3467 1481 3530 ait
1498 3465 1545 3530 M.
1558 3464 1598 3527 Τ.
1612 3464 1755 3531 Cicero⁶.

351 3575 429 3654 Vix,
443 3576 502 3639 vix
521 3575 676 3641 differunt
691 3575 827 3659 quidam
848 3597 868 3639 a
883 3576 996 3640 bestiis
1006 3577 1027 3640 ⁸.
1073 3576 1228 3666 Figuram
1251 3577 1431 3641 humanam
1455 3576 1588 3655 habent,
1604 3577 1663 3641 sed
1679 3598 1756 3641 vere

352 3697 428 3752 sunt
443 3688 578 3766 bestiae,
593 3697 627 3753 et
643 3689 676 3752 in
691 3688 871 3753 bestiarum
892 3687 1046 3754 censendi
1064 3681 1209 3753 numero.
1238 3691 1276 3753 ‘ut
1293 3689 1338 3752 ita
1353 3689 1454 3752 etiam
1471 3689 1603 3771 sapiens
1618 3690 1755 3773 quidam

354 3799 565 3865 Hebraeus⁷z
597 3800 708 3884 ‘Quid
731 3801 820 3864 enim
844 3801 988 3878 interest,
1010 3810 1120 3864 utrum
1143 3821 1188 3864 ex
1209 3800 1344 3865 homine
1369 3820 1405 3865 se
1431 3809 1604 3866 conuertat
1627 3802 1701 3884 quis
1722 3803 1756 3866 in

353 3912 530 3991 ‘belluam‚
553 3933 595 3977 an
621 3913 656 3976 in
681 3910 825 3977 hominis
850 3913 955 3995 figura
981 3912 1224 3977 immanitatem
1250 3922 1343 3995 gerat
1370 3910 1534 3976 belluaei’
1567 3913 1683 4000 itidem
1708 3914 1756 3978 M.

354 4024 468 4089 Cicero
491 4024 557 4090 ait:
592 4023 700 4110 ‘Quid
720 4025 783 4090 hoc
806 4025 907 4090 iacias
929 4023 1072 4105 homine,
1097 4025 1153 4109 qui
1176 4034 1283 4109 neget,
1307 4025 1407 4089 fidem
1431 4027 1637 4104 seruandam,
1659 4047 1757 4090 suum
1816 4112 1819 4118 Ι

352 4142 360 4170 ‘
375 4139 493 4222 cuique
504 4139 723 4218 tribuendum,
736 4148 866 4203 caetera
878 4137 974 4203 huius
985 4139 1123 4221 generis,
1133 4159 1219 4222 quae
1230 4139 1338 4203 omnis
1350 4159 1416 4202 non
1429 4138 1549 4203 effrons
1558 4139 1672 4203 audita
1682 4138 1757 4204 ilico

353 4251 525 4333 ‘agnoscit
540 4271 626 4328 uera,
640 4260 673 4315 et
690 4247 896 4314 confitetur?’
941 4249 1035 4333 ‘Qua
1043 4250 1132 4315 hunc
1147 4250 1385 4334 obiurgatione,
1396 4260 1455 4315 aut
1470 4271 1537 4332 quo
1552 4249 1663 4333 potius
1679 4270 1757 4314 con-

352 4363 460 4427 ‘uicio
475 4383 496 4426 a
514 4371 609 4426 tanto
625 4382 730 4440 errore
746 4363 872 4427 coneris
888 4371 1036 4427 auertere
1047 4361 1074 4425 i’
1096 4363 1197 4427 etiam
1222 4363 1346 4429 Cicero
1391 4362 1512 4445 Neque
1532 4361 1620 4425 enim
1643 4371 1757 4458 contra

385 4519 394 4548 ¹
410 4519 427 4569 l.
441 4533 463 4582 3.
472 4519 503 4569 de
514 4520 570 4584 adq.
582 4535 648 4586 poss.
662 4519 708 4596 (1).
721 4533 760 4583 41.
774 4521 808 4580 a).
875 4518 886 4548 ¹
901 4518 918 4568 l.
930 4533 968 4584 19.
982 4533 1020 4581 ²3·
1031 4519 1062 4569 de
1074 4519 1113 4568 ad.
1125 4534 1171 4569 rer.
1183 4519 1250 4568 dom.
1263 4519 1309 4582 (D.
1321 4533 1361 4581 4¹·
1373 4520 1407 4581 r).
1473 4518 1483 4548 ⁸
1499 4517 1570 4568 Cass.
1584 4527 1606 4579 7.
1618 4533 1670 4568 nar.
1685 4515 1723 4566 26.

352 4600 492 4668 ‘Xenoph
504 4619 529 4667 4.
541 4601 610 4654 Soer.
622 4619 643 4654 c.
656 4617 680 4666 5.
773 4601 854 4652 ‘Cio
867 4616 889 4664 3.
902 4602 943 4651 De
955 4600 1004 4651 Oli.
1017 4599 1040 4650 6.
1140 4600 1245 4651 ‘Arist
1259 4602 1426 4663 3.Po.11.5.
1525 4599 1582 4648 ⁷R.
1595 4599 1664 4663 Moy.
1676 4599 1756 4663 Aegy.

786 4684 977 4748 (Maimonides)
993 4699 1013 4733 1.
1025 4683 1067 4733 du.
1079 4683 1121 4734 du.
1134 4699 1154 4734 c.
1167 4684 1191 4733 6.
1203 4690 1228 4733 et
1239 4699 1263 4744 3.
1276 4699 1297 4734 c.
1309 4699 1332 4748 9.
