4604 5562
683 805 685 809 ,
756 731 814 785 DE
843 732 946 786 runc
975 731 1108 802 ascri,
1138 731 1216 788 ara.
1240 732 1264 802 r,
1296 731 1383 789 cnr.
1406 733 1475 789 nr.

1005 1145 1094 1216 cip,
1128 1144 1220 1218 XX.

739 1346 799 1418 De
822 1348 996 1420 humanis
1020 1347 1155 1420 caussis
1182 1345 1267 1419 belli
1290 1346 1483 1444 inferendi.

460 1544 652 1609 HUMANAS
671 1567 801 1612 caussas
818 1550 957 1614 dicimus
972 1552 1052 1615 alias
1069 1572 1201 1616 omnes:
1225 1571 1327 1634 quum
1346 1550 1469 1614 uiolato
1485 1551 1595 1633 aliquo
1614 1551 1682 1614 iuro
1700 1551 1808 1615 homi-

421 1673 495 1718 num
518 1658 561 1720 ad
584 1658 707 1722 bellum
730 1661 946 1726 descenditur.
992 1663 1089 1742 Nam,
1108 1665 1229 1726 iustum
1254 1684 1333 1741 esse,
1348 1662 1458 1726 ulcisci
1481 1663 1620 1740 iniurias,
1640 1673 1674 1727 et
1696 1664 1811 1746 punire

421 1779 581 1846 nocentes,
597 1780 630 1833 et
649 1771 698 1833 ius
716 1792 811 1834 suum
831 1773 1004 1852 uindicare,
1023 1775 1196 1839 definitum
1216 1785 1274 1839 est.
1319 1773 1370 1836 At
1387 1773 1520 1856 quando
1539 1773 1699 1837 uiolatum
1723 1775 1811 1839 dice·

420 1900 490 1942 mus
512 1879 583 1944 ius?
630 1881 754 1965 Utique
776 1905 877 1965 quum
899 1887 978 1949 certi
997 1886 1039 1948 de
1057 1907 1096 1949 ea
1118 1907 1153 1950 re
1175 1887 1303 1964 erimus,
1320 1895 1356 1948 ut
1379 1895 1429 1949 est
1447 1906 1579 1967 quoque
1601 1887 1811 1968 expositum:

420 2002 453 2055 et
474 1991 619 2076 theologi
642 1995 756 2058 itidem
779 1997 924 2060 scribunt
934 1996 954 2061 ¹.
995 1998 1114 2079 Neque
1136 1999 1224 2062 enim
1245 1997 1297 2061 hic
1321 2006 1370 2060 est
1389 1996 1522 2075 bellum,
1539 1998 1599 2060 nisi
1619 2017 1693 2079 pars
1711 2019 1811 2080 quae·

418 2103 494 2166 dam
512 2105 663 2184 iustitiae,
678 2127 764 2189 quae
783 2110 896 2190 punire
915 2111 1049 2173 crimina
1071 2109 1160 2174 uelit.
1206 2110 1284 2173 Non
1303 2119 1352 2172 est
1370 2119 1482 2172 autem
1501 2129 1608 2192 poena
1627 2109 1688 2171 nisi
1706 2110 1813 2173 crimi-

419 2215 512 2279 nibus
533 2219 628 2281 certis
638 2217 660 2282 ².
706 2219 751 2283 Et
768 2220 905 2284 dubium
927 2233 1039 2285 tamen
1062 2223 1089 2284 si
1108 2223 1197 2303 quod
1217 2221 1356 2298 uidetur,
1375 2241 1481 2303 neque
1504 2221 1536 2283 id
1560 2220 1640 2284 uelit
1663 2221 1813 2302 princeps

421 2327 600 2412 relinquere
618 2331 835 2396 indiscussum
855 2342 888 2396 et
906 2333 1122 2407 indefinitum,
1140 2333 1265 2396 tardius
1280 2333 1423 2414 quidem,
1439 2333 1497 2395 sed
1521 2333 1656 2396 accedet
1677 2333 1812 2394 tandem

420 2442 461 2504 ad
485 2462 576 2506 arma
600 2444 698 2506 etiam
721 2463 781 2526 pro
805 2466 838 2508 re
860 2445 970 2524 dubia,
993 2447 1019 2509 si
1043 2446 1126 2510 alter
1148 2467 1167 2509 a
1191 2466 1258 2529 quo
1282 2446 1442 2510 uiolatum
1467 2445 1516 2508 ius
1541 2447 1692 2521 creditur,
1715 2453 1814 2526 neget

420 2552 576 2617 inermem
599 2557 708 2620 subire
730 2558 1012 2640 disceptationem,
1032 2568 1090 2621 aut
1115 2579 1175 2640 per
1197 2559 1295 2621 istam
1323 2558 1596 2640 disceptationem
1624 2578 1689 2620 non
1716 2558 1814 2620 abso·

421 2663 517 2729 luitur
536 2688 596 2731 res.
642 2647 808 2733 Uidelicet
826 2670 966 2733 uincitur
988 2670 1075 2733 mala
1098 2690 1196 2733 causa
1218 2670 1287 2733 eius
1310 2669 1365 2751 qui
1388 2690 1424 2732 se
1443 2669 1574 2750 probari
1595 2690 1661 2732 non
1680 2670 1813 2751 patitur.

422 2778 466 2842 Et
481 2799 661 2861 numquam
678 2801 810 2845 necesse
826 2791 886 2856 est,
899 2802 959 2845 nos
975 2783 1123 2845 deserere
1138 2781 1427 2864 inuestigationem
1444 2782 1521 2844 iuris
1537 2783 1649 2844 nostri.
1687 2781 1814 2844 Leuem

422 2910 498 2954 uero
513 2891 663 2956 iniuriam
679 2914 751 2957 esse
766 2914 947 2975 numquam
963 2903 1095 2976 oportet
1111 2914 1196 2975 quae
1216 2892 1340 2956 malum
1356 2894 1441 2956 adeo
1456 2901 1555 2986 atrox¹
1571 2901 1781 2955 commoueat
1791 2892 1814 2957 ³.

421 2999 565 3081 Audisti,
580 3024 665 3086 quae
687 3006 730 3068 de
752 3006 839 3068 iusto
862 3014 952 3068 metu
976 3005 1183 3069 tradidimus.
1229 3005 1278 3068 Ut
1301 3005 1389 3068 enim
1412 3024 1472 3087 pro
1495 3004 1559 3067 leui
1581 3013 1614 3067 et
1632 3004 1764 3080 damno,
1780 3013 1815 3066 et

423 3113 536 3176 iniuria
554 3115 757 3195 priuatorum
776 3115 873 3177 detur
894 3114 1032 3197 priuatis
1051 3115 1147 3192 acti0,
1166 3123 1363 3177 nontamen
1385 3113 1596 3196 magistratus
1619 3113 1726 3176 exerit
1744 3112 1814 3194 gla-

421 3225 511 3288 dium
538 3225 598 3289 nisi
626 3247 669 3289 ex
694 3227 888 3308 grauissima
914 3245 1021 3289 causa.
1067 3226 1113 3288 Et
1140 3225 1258 3288 medici
1285 3246 1350 3289 non
1379 3225 1439 3288 nisi
1464 3224 1666 3308 grauissimis
1692 3225 1814 3288 morbis

423 3338 566 3400 remedia
587 3338 781 3420 grauissima
803 3337 961 3400 afferunt:
993 3357 1134 3418 eumque
1157 3345 1292 3400 censent
1314 3337 1501 3419 imperitum
1525 3345 1558 3398 et
1588 3335 1813 3410 inhumanum,

421 3449 476 3529 qui
491 3448 611 3513 sermm
627 3459 660 3513 et
679 3449 788 3532 ignem
806 3449 985 3512 meditatur
998 3448 1093 3512 aliter
1115 3458 1215 3530 atque
1230 3447 1371 3512 molitur.
1413 3447 1631 3529 Uituperatus
1650 3457 1683 3510 et
1703 3444 1812 3510 Draco

422 3561 464 3623 ab
482 3562 643 3637 omnibus,
659 3563 715 3644 qui
736 3582 795 3643 pro
814 3562 935 3625 delicto
953 3561 1071 3642 quouis
1092 3561 1286 3642 sanguinem
1310 3569 1344 3622 et
1362 3560 1465 3623 uitam
1484 3559 1660 3641 poscebat:
1685 3570 1718 3623 et
1738 3579 1813 3622 san-

421 3674 519 3754 guine
541 3674 656 3750 uerius,
675 3694 774 3755 quam
797 3682 983 3737 atramento
1006 3672 1096 3753 leges
1119 3671 1356 3754 conscripserit.
1403 3671 1519 3734 Monet
1542 3669 1749 3748 Aristoteles,
1773 3691 1814 3733 ne

421 3786 543 3849 bellum
565 3787 759 3869 suscipiatur
780 3786 824 3849 ob
848 3786 954 3848 leuem
978 3781 1144 3848 causam⁴.
1188 3781 1362 3864 Augustus
1384 3782 1544 3860 laudatur,
1567 3783 1657 3863 quod
1681 3802 1747 3845 non
1769 3782 1813 3846 ob

422 3895 527 3960 leuem
542 3897 705 3979 suscipere
721 3917 853 3961 causam
870 3895 1107 3960 consueuerit⁵.
1145 3894 1190 3957 Et
1205 3894 1333 3957 barbari
1350 3893 1395 3956 illi
1412 3914 1476 3958 non
1492 3894 1637 3970 barbare,
1654 3893 1814 3977 ‘Quibus-

423 4008 493 4070 ‘uis
515 4007 636 4072 caussis
660 4007 793 4082 moueri,
816 4005 1039 4082 uanissimum,
1062 4005 1088 4067 si
1111 4004 1293 4068 tolerabilia
1320 4014 1405 4082 sunt,
1428 4024 1489 4069 nec
1511 4005 1691 4068 absurdum
1717 4013 1813 4084 stare,

424 4123 480 4183 ‘at
506 4118 699 4183 insanabilia
722 4128 755 4181 et
782 4118 928 4199 ingentia
950 4117 1019 4199 pati
1043 4126 1076 4179 et
1099 4115 1261 4194 indecora,
1282 4117 1344 4180 hoc
1367 4117 1483 4194 timidi,
1504 4127 1537 4180 et
1560 4117 1682 4179 desidis
1691 4112 1723 4180 ⁰?
1769 4115 1815 4179 Et

423 4222 466 4285 ita
482 4223 648 4286 maximus
662 4231 776 4286 auctor
788 4220 952 4304 Polybius,
964 4225 972 4252 ‘
984 4219 1193 4302 Fugiendum
1208 4219 1343 4298 bellum,
1355 4242 1421 4284 non
1437 4231 1549 4285 tamen
1566 4230 1603 4283 ut
1617 4221 1729 4284 omnia
1744 4221 1814 4301 pati

524 4516 533 4546 ²
550 4518 611 4569 Bell.
624 4531 647 4582 5.
658 4518 732 4568 Cout.
746 4532 768 4580 3.
781 4533 803 4568 c.
819 4529 857 4580 15.
989 4515 999 4543 ²
1015 4515 1032 4565 l.
1044 4531 1067 4578 5.
1081 4516 1112 4566 de
1123 4532 1196 4582 poen.
1210 4516 1255 4578 (D.
1269 4517 1308 4579 48.
1323 4519 1374 4582 19).
1506 4515 1515 4544 ³
1532 4516 1587 4566 Seu.
1601 4515 1671 4566 Suus.
1684 4527 1707 4576 5.

605 4600 615 4632 ⁴
630 4599 707 4650 Arist.
722 4611 743 4663 7.
756 4599 809 4650 Pol.
826 4613 863 4664 14·
878 4612 916 4648 21.
1022 4598 1032 4628 ⁸
1049 4597 1114 4648 Suet.
1128 4600 1194 4663 Aug.
1208 4611 1244 4648 21.
1259 4613 1297 4662 ²5·
1403 4597 1413 4627 ⁸
1430 4601 1505 4661 Agat.
1519 4611 1541 4658 3.
1554 4596 1631 4647 Goth.

1105 4837 1129 4884 N
