4456 5566
500 739 521 801 6
866 761 871 772 ·
988 749 1191 804 ALBERICI
1219 750 1419 804 GENTILIS

500 993 689 1058 huiusmodi
726 992 906 1076 disputatio
940 1001 998 1056 est.
1057 992 1155 1074 ‘Ipso
1189 994 1305 1057 auditu
1337 993 1477 1072 horreo;
1517 1001 1550 1057 et
1588 994 1695 1076 ipsum
1733 992 1900 1058 horrorem

501 1111 607 1187 ‘puto
625 1105 772 1169 sufficere
794 1105 837 1170 ad
861 1103 1097 1182 refellendum3
1125 1114 1167 1181 et,
1184 1105 1211 1168 si
1229 1125 1295 1168 non
1312 1105 1548 1187 comprimitur,
1563 1105 1767 1169 conuincitur
1788 1116 1901 1169 tamen

501 1217 682 1295 ‘audacia'
711 1227 771 1282 etc.
800 1218 847 1281 ait
881 1216 1066 1280 Bernardus
1076 1214 1097 1276 ¹.
1158 1214 1195 1280 Si
1226 1217 1299 1298 quis
1329 1236 1462 1281 sensum
1493 1237 1558 1281 non
1588 1216 1699 1294 habet,
1728 1227 1786 1280 aut
1816 1215 1902 1280 ludit

500 1329 658 1394 aduersus
688 1350 828 1408 sensum,
859 1339 892 1394 et
920 1329 1031 1392 niuem
1063 1336 1162 1411 neget
1193 1329 1313 1406 albam,
1343 1329 1523 1392 contendat
1556 1337 1683 1393 atram:
1724 1349 1783 1392 nos
1820 1329 1900 1411 quid

499 1440 681 1506 iaciemus?
727 1441 816 1506 ‘Risi
839 1442 948 1504 niuem
972 1440 1098 1518 atram,'
1116 1441 1204 1504 idem
1228 1441 1432 1523 responderit
1456 1440 1572 1506 Cicero
1581 1439 1603 1506 ².
1649 1440 1900 1505 Prouocandum

500 1565 551 1618 est
577 1556 620 1618 ad
646 1573 777 1620 sensus:
818 1555 941 1619 iudices
972 1553 1045 1618 illos
1078 1574 1270 1617 communes
1280 1553 1301 1619 ³.
1329 1563 1363 1619 et
1390 1553 1476 1619 maie
1501 1554 1547 1617 illi
1574 1555 1600 1618 si
1627 1554 1760 1630 habent,
1786 1554 1901 1636 appel·

500 1666 623 1730 labitur
649 1667 681 1730 in
712 1676 851 1749 tempus,
878 1685 980 1747 quum
1012 1664 1182 1729 habebunt
1212 1665 1306 1729 bene.
1362 1664 1452 1748 Quid
1483 1663 1606 1730 iacies?
1650 1664 1707 1730 Ad
1745 1675 1901 1742 mentem,

500 1799 585 1862 quae
615 1780 700 1843 bene
733 1779 784 1858 sit,
817 1787 1021 1860 prouocatur.
1075 1777 1187 1840 Etiam
1220 1797 1305 1860 quae
1343 1777 1531 1841 certissimis
1564 1777 1901 1841 demonstrationibus

500 1892 727 1968 ostenduntur,
754 1889 781 1953 si
807 1897 975 1970 negentur,
1000 1887 1080 1970 quid
1107 1886 1252 1952 iacies4?
1296 1889 1457 1971 Epicurus
1479 1889 1583 1953 solem
1606 1889 1717 1972 palmo
1741 1889 1898 1952 maiorem

500 2014 610 2088 negat.
636 2005 669 2068 id
702 2023 807 2086 genus
835 2003 900 2066 alia
925 2002 981 2066 alii
1014 2002 1137 2066 dicunt.
1199 2002 1300 2066 Nihili
1334 2003 1388 2068 isti
1420 2011 1507 2068 sunt.
1568 2003 1649 2068 Iliae
1680 2004 1899 2068 dissensiones

500 2117 763 2180 doctissimorum
786 2124 972 2179 nostrorum
995 2114 1130 2179 turbant
1155 2116 1269 2197 magis.
1309 2135 1422 2178 uerum
1446 2125 1479 2178 et
1502 2115 1564 2197 ipsi
1587 2115 1717 2180 iuenmt
1738 2116 1897 2190 homines,

500 2228 568 2292 nati
592 2247 706 2306 errare,
724 2246 763 2291 ac
785 2227 966 2291 dissentire.
1015 2226 1060 2290 Et
1082 2246 1272 2308 quanquam
1296 2227 1346 2290 ius
1368 2227 1516 2309 gentium
1541 2229 1701 2310 particula
1724 2239 1774 2294 est
1797 2231 1898 2294 diuini

500 2340 587 2416 iuris,
604 2359 705 2422 quam
723 2339 817 2403 Deus
840 2338 935 2403 nobis
957 2348 1033 2420 post
1056 2348 1229 2421 peccatum
1252 2337 1411 2420 reliquam
1433 2338 1531 2416 iecit3
1562 2360 1635 2403 eam
1658 2350 1770 2405 tamen
1791 2341 1898 2406 lucem

500 2451 718 2534 conspicimus
741 2451 826 2516 inter
848 2452 1001 2514 tenebras
1025 2449 1146 2514 multas
1159 2475 1167 2529 ;
1199 2460 1232 2513 et
1255 2470 1362 2513 errore
1385 2451 1507 2532 itaque,
1530 2472 1633 2533 praua
1655 2454 1900 2532 consuetudine,

500 2564 690 2647 pertinacia,
721 2564 785 2628 alio
818 2564 938 2628 affectu
976 2564 1185 2628 tenebrarum
1221 2583 1321 2645 saepe
1354 2582 1420 2627 non
1450 2564 1597 2628 valemus
1629 2585 1816 2648 agnoscere.
1863 2577 1900 2632 ut

501 2678 560 2740 uiri
579 2675 787 2761 explicarunt
805 2677 1013 2759 sapientes⁶:
1044 2685 1078 2740 et
1094 2696 1154 2739 nos
1169 2676 1383 2740 dissentiendi
1406 2677 1551 2741 studium
1576 2678 1844 2744 Proculianorum
1867 2689 1901 2745 et

502 2783 755 2849 Sabinianonrm
783 2785 1007 2866 cognouimus.
1063 2784 1131 2849 Sed
1155 2804 1220 2847 non
1243 2794 1418 2866 propterea
1445 2787 1534 2866 quod
1563 2786 1644 2850 latet
1670 2789 1703 2850 in
1728 2788 1901 2870 profundo,

499 2896 620 2961 veritas
642 2896 732 2961 nulla
750 2905 821 2961 est:
851 2904 909 2961 aut
931 2896 1081 2978 quaesita
1103 2896 1286 2979 diligenter,
1304 2907 1337 2960 et
1360 2895 1508 2976 fideliter,
1524 2918 1589 2961 non
1613 2900 1708 2964 educi
1731 2909 1850 2982 potest,
1866 2911 1900 2965 et

501 3031 566 3074 non
589 3011 709 3075 educta
730 3009 920 3092 saepissime
939 3019 997 3073 est.
1054 3009 1161 3072 Nobis
1183 3009 1343 3090 praebent
1366 3010 1506 3074 multum
1529 3010 1660 3074 luminis
1683 3012 1899 3092 definitiones,

500 3143 583 3206 quas
603 3123 802 3187 unanimiter
821 3124 956 3187 tradunt
976 3123 1019 3185 ad
1036 3121 1086 3185 ius
1107 3121 1179 3200 hoc,
1195 3123 1283 3203 quod
1299 3123 1486 3204 quaerimus
1505 3125 1665 3205 gentium,
1681 3137 1831 3192 auctores
1851 3127 1898 3191 illi

500 3236 611 3318 legum
630 3245 824 3313 nostrarum,
841 3244 875 3299 et
893 3235 1088 3299 conditores.
1133 3233 1240 3297 Aiunt
1260 3244 1382 3312 autem,
1398 3237 1447 3299 ius
1467 3256 1538 3300 esse
1557 3238 1715 3320 gentium,
1730 3260 1797 3322 quo
1818 3260 1899 3322 gen·

499 3359 550 3412 tes
564 3350 731 3413 humanae
751 3356 907 3412 utuntur:
932 3346 1022 3430 quod
1043 3345 1202 3410 naturalis
1218 3347 1301 3410 ratio
1320 3347 1407 3411 inter
1420 3368 1536 3412 omnes
1551 3348 1702 3414 homines
1721 3353 1901 3430 constituit,

498 3473 532 3529 et
555 3463 644 3546 apud
668 3481 784 3525 omnes
803 3479 967 3544 peraeque
987 3460 1180 3524 custoditur.
1226 3458 1300 3524 Hoc
1324 3459 1374 3523 ius
1396 3470 1533 3525 naturae
1559 3471 1609 3526 est
1619 3461 1639 3526 θ.
1685 3463 1743 3526 ‘In
1767 3485 1803 3528 re
1823 3485 1900 3529 con-

498 3581 506 3609 ‘
522 3576 631 3641 sensio
645 3574 794 3639 omnium
809 3573 959 3656 gentium
975 3572 1031 3636 lex
1044 3581 1182 3637 naturae
1193 3573 1343 3655 putanda
1355 3571 1443 3637 est⁷.’
1476 3572 1593 3657 Atque
1608 3575 1671 3638 ista
1687 3597 1752 3640 non
1765 3577 1811 3641 sic
1823 3587 1901 3642 sunt

499 3689 668 3770 capienda,
685 3688 778 3771 quasi
800 3688 1014 3752 conuenerint
1036 3706 1184 3770 unquam
1206 3696 1323 3769 gentes
1341 3706 1464 3763 omnes,
1481 3696 1515 3750 et
1531 3689 1580 3751 ius
1603 3689 1689 3752 istud
1710 3692 1756 3754 sic
1778 3693 1900 3755 consti·

499 3802 630 3865 tuerint.
676 3801 754 3864 Non
773 3801 819 3864 sic
842 3802 966 3866 dicunt.
1013 3799 1091 3862 Non
1107 3818 1241 3863 necesse
1260 3808 1318 3877 est,
1339 3799 1385 3863 sic
1401 3819 1519 3882 capere
1534 3802 1680 3882 uerbum,
1696 3800 1846 3880 ‘omnes’
1862 3815 1899 3868 ut

499 3911 542 3974 de
558 3911 705 3974 omnium
726 3931 796 3988 usu,
811 3931 913 3994 quum
936 3911 1063 3988 dicitur,
1080 3911 1182 3974 etiam
1204 3911 1247 3972 de
1268 3911 1422 3974 omnibus
1444 3912 1579 3976 omnino
1601 3915 1756 3996 gentibus
1779 3915 1898 3980 intelli·

499 4031 604 4106 gatur,
620 4043 705 4106 quae
726 4043 862 4087 numero
884 4025 1083 4100 innumerae,
1106 4024 1294 4105 regionibus
1316 4023 1514 4088 immensum
1538 4026 1730 4107 disiunctae,
1754 4029 1899 4093 moribus

499 4155 650 4220 prorsum
671 4135 903 4219 discrepantes,
922 4136 1041 4217 linguis
1056 4137 1152 4200 variis
1171 4146 1341 4201 manerent
1357 4137 1587 4222 incognitae⁸:
1611 4140 1690 4204 Non
1705 4150 1740 4206 te
1754 4142 1900 4226 decipiat

500 4247 747 4313 iurisconsultus
771 4267 910 4330 magnus
934 4248 1035 4330 Hugo
1058 4248 1259 4313 Donellus⁹:
1305 4251 1360 4332 qui
1384 4251 1594 4316 definitiones
1620 4254 1666 4318 sic
1689 4256 1828 4337 accipit:
1864 4264 1898 4318 et

547 4482 555 4512 ¹
572 4482 645 4532 Beru.
657 4482 737 4548 Epist.
752 4495 806 4546 190.
871 4481 881 4510 ²
898 4481 952 4533 Cic.
966 4496 986 4530 a.
999 4483 1030 4531 ad
1042 4483 1074 4547 Q.
1086 4482 1116 4534 ir.
1127 4498 1166 4548 ep.
1181 4498 1218 4532 12.
1284 4484 1294 4514 ⁸
1311 4486 1389 4536 Arist.
1403 4501 1424 4535 1.
1436 4487 1484 4537 To.
1499 4501 1537 4536 11.
1602 4488 1612 4516 ⁴
1629 4489 1668 4540 Ci.
1681 4489 1753 4539 Alex.
1765 4489 1814 4539 Str.
1827 4501 1849 4552 7.

498 4568 509 4598 ⁸
525 4567 599 4632 Aqui.
610 4581 631 4616 1.
644 4580 666 4616 π.
678 4582 702 4631 q.
714 4582 754 4631 94.
766 4581 792 4622 a:
811 4564 886 4630 Greg.
896 4567 953 4616 val.
964 4565 1028 4630 disp.
1039 4576 1060 4629 7.
1070 4583 1093 4631 q.
1107 4582 1130 4630 4.
1138 4582 1212 4631 punc.
1227 4581 1249 4615 a.
1282 4567 1292 4596 ⁰
1309 4568 1326 4618 l.
1339 4582 1361 4617 ι.
1371 4585 1396 4634 9.
1407 4571 1437 4620 de
1449 4571 1526 4620 iustit.
1538 4576 1563 4620 et
1575 4571 1619 4620 iur.
1631 4571 1675 4634 (D.
1685 4586 1706 4620 r.
1717 4573 1756 4635 1);
1772 4573 1834 4622 Inst.
1845 4588 1865 4622 1.
1876 4588 1897 4622 2.

610 4650 621 4681 ¹
638 4651 692 4703 Cic.
706 4665 716 4700 r
732 4651 807 4700 Tuse.
822 4664 860 4714 13·
926 4651 935 4680 ⁸
953 4649 1006 4700 Bal.
1019 4649 1036 4700 l.
1050 4665 1071 4700 1.
1084 4650 1114 4701 C.
1126 4650 1158 4700 de
1170 4656 1268 4701 testam.
1281 4649 1315 4715 (6.
1331 4653 1381 4716 23.)
1447 4654 1458 4683 ⁹
1475 4653 1543 4703 Don.
1559 4668 1579 4704 1.
1595 4656 1692 4706 Comm.
1705 4656 1751 4705 iur.
1763 4655 1787 4704 6.
