4604 5562
749 690 810 744 DE
838 690 941 745 IURE
969 691 1103 760 BELLI,
1134 692 1263 760 LIB.I,
1296 690 1383 748 CAP.
1407 690 1492 746 XVI.
1782 693 1819 760 71

427 939 467 999 ‘a
482 936 657 1018 puniendis
673 937 739 1000 suis
758 957 830 1001 esse
847 936 1099 1019 prohibendum.
1127 957 1203 1001 nam
1220 937 1247 1000 si
1264 957 1319 1002 eos
1337 937 1393 1020 qui
1412 935 1587 1019 peccarint,
1602 934 1824 1013 defenderitis,

427 1048 547 1110 ‘etiam
571 1049 671 1113 uestri
694 1070 715 1113 a
736 1049 830 1113 uobis
853 1048 1046 1114 deficIent².¹
1091 1048 1160 1114 Sed
1179 1049 1259 1112 mihi
1282 1049 1336 1113 isti
1360 1048 1499 1112 aliorum
1522 1047 1645 1111 subditi
1667 1056 1824 1111 tamena

427 1160 621 1242 cognatione
644 1160 699 1224 illa
718 1170 855 1224 naturae
874 1170 908 1225 et
926 1161 1094 1226 societatis
1112 1161 1255 1226 uniuersi
1273 1161 1371 1225 alieni
1390 1181 1462 1225 esse
1484 1180 1551 1223 non
1569 1159 1732 1224 uidentur.
1778 1159 1825 1222 Et

426 1292 523 1354 quam
550 1273 577 1334 si
604 1271 694 1336 tollis
720 1273 921 1350 societatem,
947 1273 1048 1336 etiam
1077 1273 1239 1338 unitatem
1266 1273 1395 1336 scindes
1425 1271 1562 1334 humani
1592 1271 1730 1353 generis,
1758 1291 1824 1353 qua

427 1385 603 1448 sustinetur
642 1383 721 1448 uita.
760 1393 797 1447 ut
830 1383 997 1466 praeclare
1030 1383 1192 1450 Senecai.
1236 1383 1352 1467 Atque
1384 1383 1411 1447 si
1444 1382 1559 1465 illeges
1592 1403 1653 1446 nec
1686 1381 1825 1447 facimus

428 1493 601 1577 Principes,
632 1494 729 1558 nullis
760 1494 899 1578 legibus,
930 1495 1027 1560 nullis
1054 1496 1199 1560 moribus
1225 1496 1418 1560 deuinctos:
1451 1513 1584 1558 necesse
1614 1502 1663 1558 est
1691 1503 1728 1557 ut
1757 1493 1825 1557 sint

427 1626 555 1688 quoque
591 1607 647 1688 qui
681 1608 817 1670 eosdem
852 1616 1008 1671 moneant
1045 1608 1151 1684 officii,
1185 1615 1219 1671 et
1251 1607 1445 1671 constrictos
1478 1606 1649 1670 retineant.
1711 1605 1822 1688 Quam

428 1717 584 1782 rationem
604 1719 743 1801 exposui
763 1718 796 1782 in
815 1719 960 1782 secundo
978 1719 1062 1782 libro
1080 1719 1123 1783 de
1141 1718 1371 1801 legationibus.
1417 1719 1536 1800 Neque
1557 1717 1611 1782 hic
1634 1737 1697 1799 ego
1720 1717 1821 1780 ullam

427 1828 570 1912 ingerere
593 1829 693 1893 uelim
715 1829 938 1894 dominiorum
961 1830 1195 1909 confusionem,
1210 1840 1268 1895 aut
1286 1830 1388 1894 ullam
1408 1830 1645 1912 inspectionem
1664 1829 1824 1913 Principis

428 1961 522 2022 supra
548 1941 742 2023 Principem.
789 1941 857 2006 Sed
880 1963 941 2007 nec
963 1942 1032 2006 fero
1056 1952 1168 2007 tamen
1191 1943 1358 2026 distingui,
1382 1951 1567 2024 quaesunt
1590 1927 1649 2024 pe'r
1672 1953 1823 2006 naturam

428 2051 604 2115 arctissime
620 2053 835 2136 agglutinata.
858 2053 1007 2136 intelligo
1025 2055 1255 2137 cognationem
1274 2053 1365 2117 illam
1383 2074 1459 2118 cum
1477 2053 1630 2116 omnibus
1650 2054 1735 2117 inter
1751 2074 1824 2117 om-

429 2183 492 2226 nes
539 2164 658 2245 Neque
676 2163 729 2229 hic
747 2164 843 2228 aliter
858 2165 1000 2248 Principi
1017 2166 1175 2248 inspectio
1195 2166 1238 2230 sit
1256 2185 1355 2248 supra
1374 2165 1568 2246 Principem,
1583 2185 1682 2246 quam
1699 2165 1826 2228 contin-

428 2283 481 2355 gat
503 2295 562 2357 per
579 2295 679 2338 omne
701 2275 792 2339 aliud
815 2275 947 2355 bellum,
967 2279 1000 2340 in
1022 2297 1089 2359 quo
1112 2277 1195 2340 alter
1215 2277 1309 2340 alteri
1331 2275 1473 2358 Principi
1492 2275 1554 2339 lert
1573 2296 1609 2338 se
1631 2275 1772 2339 iudicem
1792 2285 1826 2339 et

429 2385 483 2463 sui,
502 2395 536 2450 et
557 2385 702 2450 alterius.
748 2387 785 2452 Si
808 2387 894 2452 inter
911 2389 1060 2471 priuatos
1083 2398 1134 2453 est
1155 2388 1314 2472 quaestio,
1332 2387 1476 2452 alienum
1497 2387 1541 2451 de
1564 2408 1603 2451 ea
1625 2388 1717 2451 adire
1735 2387 1826 2450 Prin-

430 2497 542 2579 cipem,
561 2497 658 2562 luerit
676 2499 935 2566 iniustissimum.
982 2500 1019 2565 Si
1042 2501 1142 2566 etiam
1165 2501 1249 2565 inter
1271 2499 1441 2564 subditum
1464 2508 1497 2563 et
1521 2499 1706 2582 Principem
1728 2520 1825 2563 suum

428 2606 464 2672 lis
482 2611 591 2688 oritur,
608 2611 818 2693 magistratus
836 2612 1006 2677 constituti
1021 2622 1106 2691 sunt,
1122 2613 1179 2695 qui
1197 2613 1369 2678 adeantur.
1412 2610 1464 2676 At
1485 2631 1587 2694 quum
1612 2611 1726 2676 incidit
1749 2631 1826 2676 con·

429 2725 584 2787 trouersia
606 2724 649 2787 de
671 2724 858 2806 republica:
886 2745 951 2789 non
974 2724 1098 2789 iudices
1121 2725 1178 2788 ulli
1197 2725 1229 2789 in
1248 2725 1383 2789 ciuitate
1401 2733 1488 2800 sunt,
1505 2744 1566 2788 nec
1587 2745 1657 2788 esse
1680 2733 1827 2806 possunt.

430 2831 596 2898 Publicam
618 2854 697 2898 uero
720 2836 794 2900 dico
817 2855 897 2912 rem,
913 2836 1048 2918 quando
1068 2836 1276 2900 subditorum
1298 2845 1393 2901 tanta
1415 2856 1454 2900 ac
1478 2834 1553 2900 talis
1572 2842 1724 2898 mouetur
1741 2854 1826 2918 pars,

430 2945 546 3010 utiam
568 2946 658 3010 bello
676 2967 759 3029 opus
777 2954 892 3011 contra
911 2967 967 3010 eos
986 2947 1036 3026 sit,
1052 2948 1108 3029 qui
1127 2968 1163 3011 se
1181 2956 1315 3012 tuentur
1336 2946 1437 3011 bello.
1483 2946 1587 3029 Quasi
1604 2945 1754 3010 uenerint
1772 2945 1826 3009 isti

430 3055 459 3118 in
475 3067 604 3140 partem
627 3057 838 3140 principatus,
855 3067 896 3128 et,
910 3058 1035 3142 publici
1051 3068 1085 3122 et
1099 3079 1195 3140 pares
1214 3058 1355 3140 Principi
1373 3057 1438 3122 sint
1453 3059 1510 3140 qui
1526 3067 1657 3122 tantum
1673 3064 1828 3139 possunt:

430 3169 709 3250 quemadmodum
734 3169 889 3251 Princeps
912 3169 1032 3234 dicitur
1054 3169 1196 3252 Principi
1224 3189 1292 3252 par,
1314 3169 1369 3251 qui
1393 3168 1496 3246 alteri,
1519 3178 1685 3252 utcunque
1713 3169 1827 3231 maiori

431 3286 461 3341 et
475 3278 663 3361 potentiori,
679 3281 747 3344 uim
763 3279 913 3344 inserenti
937 3290 1048 3363 potest
1071 3280 1251 3346 resistere³·
1296 3279 1496 3363 Quanquam
1516 3279 1560 3343 de
1584 3279 1724 3343 subditis
1748 3279 1826 3360 ipsis

431 3407 493 3453 non
523 3390 605 3454 haec
636 3391 719 3471 dico,
746 3392 806 3455 nisi
837 3401 973 3474 propter
999 3392 1165 3474 Principes
1194 3391 1326 3466 alienos,
1352 3392 1408 3474 qui
1434 3391 1549 3454 alienis
1575 3389 1714 3454 subditis
1743 3389 1826 3452 ferre

430 3499 586 3565 auxilium
613 3512 728 3567 contra
753 3505 924 3568 dominum
949 3503 1087 3569 uolunt:
1118 3504 1230 3586 etqui
1254 3523 1319 3566 non
1342 3502 1439 3566 aliter
1461 3502 1543 3566 ferre
1566 3503 1702 3584 possint,
1724 3521 1825 3584 quam

431 3609 462 3672 in
482 3611 547 3692 lite,
567 3621 603 3677 ut
625 3634 713 3680 nunc
736 3614 909 3697 explicaui,
929 3615 971 3678 de
995 3635 1029 3679 re
1051 3615 1191 3697 publica.
1238 3615 1283 3678 Et
1300 3615 1444 3697 quidem,
1460 3614 1486 3676 si
1503 3613 1625 3676 subditi
1641 3613 1827 3676 habeantur

431 3721 648 3804 inclementer,
668 3735 702 3790 et
724 3726 852 3806 iniuste,
871 3728 1011 3810 probata
1033 3726 1115 3793 haec
1138 3725 1339 3792 defendendi
1361 3727 1524 3790 sententia
1547 3725 1647 3790 etiam
1670 3725 1742 3789 aliis
1765 3734 1825 3790 cst.

432 3835 483 3915 qui
501 3835 760 3920 exemplumque
777 3837 1041 3902 laudatissimum
1064 3839 1206 3902 afferunt
1226 3837 1386 3916 Herculis,
1408 3847 1623 3920 tyrannorum
1647 3838 1827 3914 domitoris,

434 3954 464 4008 et
485 3956 715 4015 monstrorum.
745 3950 939 4034 exemplum
962 3962 996 4015 et
1019 3950 1229 4016 Constantini
1253 3960 1312 4027 est,
1335 3950 1391 4033 qui
1415 3951 1586 4014 Romanos
1607 3949 1690 4015 iuuit
1713 3959 1828 4014 contra

435 4055 648 4139 Maxentium,
672 4071 710 4125 ut
732 4062 827 4127 retuli
846 4063 878 4125 in
898 4063 1109 4145 praecedenti
1131 4083 1282 4127 sermone
1291 4062 1313 4127 ⁴.
1359 4061 1462 4126 Filios
1485 4061 1692 4126 defendimus
1714 4071 1828 4126 contra

435 4169 565 4237 iniustos
589 4182 700 4256 patres
709 4174 732 4240 ⁵.
776 4173 880 4240 Adde
898 4194 985 4241 nunc
1003 4175 1059 4240 illa
1078 4173 1226 4241 Senecae
1243 4196 1351 4254 aurea,
1367 4175 1550 4258 ‘Quicquid
1569 4185 1647 4254 erat,
1663 4196 1729 4257 quo
1748 4173 1827 4237 mihi

543 4436 552 4464 ¹
568 4435 647 4487 Thuc.
659 4434 704 4486 lib.
720 4450 740 4485 1.
754 4452 773 4486 e.
786 4450 826 4500 40.
1033 4437 1043 4466 ²
1061 4439 1119 4490 Son.
1131 4456 1154 4503 4.
1166 4439 1197 4489 de
1209 4438 1292 4489 Benei.
1304 4437 1342 4488 18.
1538 4437 1547 4466 ³
1565 4436 1643 4502 Ceph.
1656 4436 1712 4498 615.

521 4517 531 4546 ⁴
547 4517 636 4569 Couar.
647 4520 709 4583 Reg.
721 4521 858 4570 Peccatum.
871 4535 896 4586 p
911 4533 933 4570 2.
946 4523 959 4580 5
971 4536 1001 4586 9;
1014 4520 1076 4571 Bod.
1091 4535 1112 4571 2.
1123 4521 1154 4571 de
1166 4524 1229 4586 Rep.
1242 4535 1266 4584 5.
1278 4529 1302 4572 et
1313 4521 1358 4572 lib.
1369 4533 1392 4585 5.
1404 4536 1425 4571 c.
1437 4519 1497 4578 ult.;
1510 4519 1562 4569 Cic.
1577 4533 1600 4581 3.
1613 4521 1641 4568 de
1653 4518 1702 4568 Oli.
1716 4529 1739 4578 5.

859 4602 869 4632 ³
886 4601 940 4654 Bal.
952 4603 970 4652 1.
981 4620 998 4668 4
1010 4604 1040 4654 C.
1052 4604 1083 4653 de
1094 4602 1152 4654 inst.
1163 4611 1188 4654 et
1200 4605 1277 4654 subst.
1290 4603 1324 4666 (6.
1338 4605 1389 4667 ²5)·
