4604 5562
717 737 777 790 DE
805 735 908 791 IURE
935 735 1069 800 BELLI,
1099 735 1224 800 LIB.I,
1257 734 1343 787 CAP.
1366 733 1449 787 XIV.
1739 737 1780 804 59

391 984 527 1064 primum
557 983 692 1046 ferendo
716 981 826 1056 ictum,
848 979 1080 1056 concidamus3
1110 999 1151 1041 ne
1175 987 1231 1040 aut
1253 977 1409 1060 fugiendo
1432 979 1596 1054 cedamus,
1616 986 1649 1040 et
1671 975 1782 1057 oppri-

391 1116 515 1160 mamur
529 1097 682 1160 iacentes.
728 1093 795 1157 Sed
815 1111 875 1156 nec
893 1091 1004 1173 sugere
1023 1097 1073 1154 est
1091 1090 1158 1152 uim
1178 1089 1344 1171 repellere.
1390 1089 1508 1171 Itaque
1527 1088 1608 1153 ratio
1626 1109 1647 1151 a
1664 1087 1782 1164 uerbis,

391 1207 498 1288 itaque
512 1215 622 1270 sumta
636 1227 656 1270 a
672 1205 768 1270 rebus
784 1203 862 1287 ipsis
878 1203 923 1266 sic
940 1211 998 1266 est.
1043 1201 1089 1265 Et
1104 1201 1186 1264 haec
1201 1221 1332 1282 quoque
1351 1200 1396 1264 illi
1416 1201 1529 1264 nostri.
1574 1199 1671 1282 Quae
1685 1197 1780 1275 clara,

391 1326 422 1380 et
436 1317 617 1400 explorata,
632 1326 665 1380 et
679 1315 805 1380 bellicis
820 1312 1070 1378 tractationibus
1088 1312 1193 1376 multo
1211 1312 1391 1394 aptissima.

432 1427 530 1511 Quod
542 1428 708 1510 sequitur:
726 1427 827 1490 habet
838 1426 1089 1490 dubitationem.
1107 1424 1241 1505 quando
1256 1444 1307 1486 res
1323 1444 1361 1486 eo
1374 1423 1503 1486 uenisse
1514 1423 1653 1500 uidetur,
1666 1432 1704 1486 ut
1716 1421 1780 1485 iam

391 1537 430 1601 sit
439 1539 481 1602 ad
491 1539 604 1603 utilem
616 1538 713 1602 istam
725 1537 948 1601 defensionem
960 1535 1225 1618 procurrendum.
1249 1535 1340 1597 Iusta
1350 1553 1465 1598 caussa
1476 1542 1583 1597 metus
1596 1533 1780 1615 requiritur:

391 1649 604 1732 suspicionon
620 1657 670 1713 est
681 1647 786 1712 satis¹.
818 1649 928 1711 iustus
940 1656 1052 1710 autem
1065 1654 1173 1709 metus
1185 1645 1340 1708 definitur
1351 1645 1450 1708 timor
1461 1645 1591 1709 maioris
1607 1644 1781 1722 malitatis;

391 1759 508 1842 quique
524 1760 641 1824 merito
657 1761 690 1822 in
705 1759 841 1822 homine
856 1755 1123 1822 constantissimo
1139 1754 1266 1820 cadat2.
1313 1755 1387 1837 Ego
1401 1765 1514 1819 tamen
1533 1755 1566 1817 in
1585 1773 1705 1836 magna
1720 1755 1781 1818 hac

391 1890 486 1934 causa
504 1871 715 1955 imperiorum
732 1890 796 1934 non
815 1869 910 1934 facile
929 1867 1174 1932 definitionibus
1193 1867 1264 1930 istis
1282 1886 1368 1930 nunc
1385 1867 1561 1948 adquiesco
1580 1864 1781 1949 priuatorum

392 1983 603 2063 negotiorum.
648 1983 737 2046 Nam
756 1981 782 2044 si
801 1980 880 2063 quid
900 1980 1048 2062 priuatus
1066 1979 1099 2042 in
1118 1978 1282 2060 priuatum
1301 1977 1480 2052 admiserit,
1501 1978 1533 2040 id
1552 1998 1632 2041 mox
1656 1977 1782 2042 restitui

392 2112 448 2174 per
465 2093 675 2175 magistratus
691 2092 863 2173 imperium
882 2099 1003 2174 potest.
1032 2100 1067 2153 at
1089 2089 1178 2172 quod
1201 2089 1356 2171 Princeps
1378 2088 1516 2171 patrarit
1539 2089 1571 2151 in
1591 2089 1784 2171 Principem,
1839 2109 1857 2118 ²·

393 2209 486 2267 ¹nemo
502 2204 661 2268 restituet.
707 2201 774 2268 Sed
791 2222 897 2285 neque
912 2204 945 2265 in
961 2202 1025 2266 isto
1041 2201 1167 2266 timoris
1183 2208 1378 2281 argumento
1397 2219 1483 2263 nunc
1502 2209 1551 2263 est
1567 2199 1782 2263 differendum

391 2314 432 2376 ab
458 2312 520 2377 illis
546 2323 653 2377 metus
678 2313 943 2376 delinitionibus:
976 2332 1061 2393 quae
1086 2331 1152 2374 non
1176 2319 1261 2387 sunt,
1284 2318 1320 2372 ut
1350 2310 1491 2373 doceant
1515 2310 1595 2391 quid
1621 2327 1664 2373 ex
1692 2320 1783 2374 metu

392 2422 517 2488 suturae
542 2423 699 2487 malitatis
726 2423 832 2487 facere
858 2442 917 2486 nos
941 2431 1081 2503 oportet,
1107 2429 1144 2484 ut
1169 2419 1351 2484 malitatem
1378 2415 1482 2505 (quod
1506 2419 1559 2484 bic
1582 2418 1784 2508 quaerimus)

391 2543 594 2599 auertamus:
624 2535 682 2598 sed
705 2533 794 2616 quid,
817 2533 844 2596 si
868 2539 993 2596 metum
1016 2531 1103 2613 passi
1126 2551 1247 2608 sumus,
1263 2540 1296 2594 et
1314 2529 1437 2611 aliquid
1461 2531 1635 2612 propterea
1658 2532 1785 2613 egimus

391 2645 423 2708 in
441 2655 589 2709 nostrum
612 2645 848 2710 detrimentum
872 2641 1010 2726 supersit
1033 2642 1128 2706 nobis
1150 2641 1227 2704 iuris
1249 2641 1406 2734 aduersus
1427 2641 1550 2706 lactum
1574 2651 1733 2718 nostrum,
1751 2652 1785 2706 et

392 2757 546 2820 aduersus
576 2767 701 2821 metum
733 2756 828 2820 nobis
858 2756 996 2819 illatum.
1058 2754 1124 2818 Hie
1154 2753 1362 2818 definitiones
1392 2755 1572 2818 sumendae
1602 2755 1713 2837 potius
1743 2756 1785 2820 de

392 2875 530 2932 tractatu
553 2867 637 2932 alio³
661 2867 738 2931 iuris
755 2867 860 2932 ciuilis
880 2876 965 2944 sunt,
988 2865 1222 2950 prospicientia,
1249 2886 1291 2929 ne
1317 2866 1476 2929 damnum
1503 2866 1607 2943 detur,
1633 2876 1667 2932 et
1696 2869 1785 2957 quqd

392 2979 437 3042 ita
451 2981 615 3062 prospicit,
631 2989 668 3043 ut
684 2988 783 3056 curet,
800 2979 905 3043 caueri
922 2978 1022 3042 etiam
1037 2998 1139 3060 quum
1156 2977 1223 3040 fieri
1239 2986 1349 3058 potest
1369 2987 1404 3041 ut
1423 2977 1503 3042 nihil
1519 2980 1647 3042 accidat
1664 2979 1785 3042 damni.

394 3091 490 3154 etiam
514 3091 576 3155 etsi
602 3111 667 3153 non
695 3109 817 3172 magna
844 3089 1022 3152 euidensue
1048 3107 1145 3151 causa
1172 3087 1309 3152 timendi
1334 3088 1385 3152 sit.
1427 3088 1578 3152 etiamsi
1605 3087 1784 3171 periculum

393 3221 468 3264 uere
490 3221 556 3264 non
579 3201 631 3279 sit,
653 3201 711 3264 sed
735 3220 833 3264 causa
850 3208 982 3263 tantum
1005 3198 1133 3262 timoris
1151 3199 1245 3263 iusta.
1290 3199 1368 3262 Non
1387 3198 1486 3262 etiam
1506 3194 1608 3284 (quod
1628 3207 1678 3262 est
1695 3198 1785 3280 apud

395 3312 584 3395 Euripidem
593 3309 621 3397 4)
637 3331 739 3394 quum
755 3311 828 3394 quis
844 3311 970 3387 metuit,
985 3330 1091 3404 quum
1108 3329 1172 3373 non
1194 3311 1357 3373 conuenit.
1401 3308 1537 3391 Alioqui
1560 3309 1634 3390 quis
1656 3318 1707 3372 est
1729 3308 1785 3389 qui

394 3424 562 3504 prohibere
580 3423 693 3506 possit,
708 3421 884 3504 quominus
899 3421 972 3503 quis
988 3420 1139 3483 umbram
1155 3419 1286 3483 horreat
1302 3417 1420 3482 suam?
1465 3419 1520 3483 Sic
1540 3417 1639 3482 audio
1656 3417 1786 3482 Cicero-

395 3554 476 3613 nem,
503 3535 599 3598 ‘Non
632 3553 763 3616 quaero,
787 3531 926 3596 fueritne
955 3530 1081 3612 aliquid
1110 3530 1418 3612 pertimescendum.
1448 3539 1542 3612 put0,
1566 3529 1700 3593 arbitrio
1726 3549 1786 3592 suo

395 3649 578 3727 ‘quemque
593 3644 709 3708 timere
723 3652 876 3726 oportere
885 3641 917 3706 ὅ)
957 3641 1014 3706 Sic
1029 3640 1084 3704 illa
1100 3639 1196 3703 Marii
1213 3639 1256 3704 ad
1273 3640 1474 3718 Ciceronem,
1490 3640 1553 3704 hoc
1568 3637 1669 3704 etiam
1684 3641 1787 3702 seruis

395 3773 522 3837 semper
543 3753 642 3818 fuisse
665 3753 812 3831 liberum,
835 3773 895 3818 suo
921 3751 1032 3835 potius
1058 3769 1158 3833 quam
1185 3750 1293 3814 alieno
1319 3750 1472 3816 timerent
1496 3750 1639 3815 arbitrio
1673 3751 1786 3814 Etiam

394 3867 479 3946 quod
503 3865 550 3930 ait
572 3865 637 3938 lex,
660 3874 755 3946 aptes
778 3864 840 3927 hie.
886 3864 963 3927 Non
985 3861 1281 3945 praescribendum,
1298 3881 1354 3926 cur
1368 3861 1442 3944 quis
1457 3871 1584 3926 metuat
1594 3861 1616 3926 ὓ.
1664 3862 1726 3925 llla
1741 3863 1787 3927 sic

394 3991 467 4040 sunt
490 3975 666 4052 Ciceronis
682 3975 754 4038 ‘De
772 3974 873 4038 tantis
895 3972 1046 4056 periculis
1068 3993 1143 4038 cum
1167 3991 1356 4054 quaererem
1376 3973 1495 4050 omnia,
1512 3973 1616 4036 multa
1631 3973 1788 4051 audirem,

396 4090 481 4150 ‘non
511 4087 677 4151 crederem
707 4086 827 4164 omnia,
849 4105 1000 4150 cauerem
1022 4082 1153 4148 omnia.¹
1197 4083 1296 4166 Quod
1321 4094 1354 4149 et
1379 4083 1515 4162 Seneca,
1536 4085 1643 4150 ‘Cum
1669 4105 1789 4167 magna

396 4196 555 4276 ‘horreas
575 4219 661 4280 quae
682 4218 781 4280 posse
803 4197 871 4261 lieri
891 4217 957 4261 non
976 4205 1081 4279 putas,
1100 4205 1229 4260 metuas
1251 4205 1363 4260 tamen
1373 4193 1404 4261 ⁷!
1450 4196 1585 4261 Scilicet
1608 4197 1641 4260 id
1664 4196 1716 4262 hic
1739 4207 1789 4262 est

393 4307 647 4386 admittendum,
662 4310 751 4392 quod
770 4310 814 4373 de
832 4309 948 4372 maiori
971 4307 1121 4372 malitate
1143 4317 1203 4373 est.
1243 4307 1289 4371 Et
1305 4308 1347 4370 de
1362 4329 1428 4390 quo
1444 4317 1521 4390 post
1538 4310 1695 4375 dicemus.
1738 4309 1789 4372 At

399 4495 406 4524 ¹
423 4496 481 4548 Dee
492 4513 560 4549 cons.
573 4499 632 4560 603.
706 4497 748 4548 ¹1.
761 4511 785 4562 5.
796 4498 820 4548 6.
832 4498 899 4563 quod
910 4503 968 4547 met.
980 4514 1034 4548 cau.
1049 4498 1086 4560 (D
1105 4499 1178 4562 μ).
1245 4497 1301 4546 ’de
1312 4497 1395 4546 damn.
1407 4495 1451 4544 inl.
1465 4497 1510 4558 (D.
1524 4511 1563 4562 39
1577 4499 1603 4560 a)
1614 4505 1647 4548 et.
1659 4498 1677 4550 l.
1690 4509 1728 4561 27.
1740 4499 1788 4549 loc.

459 4579 541 4633 ‘Eun
554 4583 630 4632 Troa.
693 4581 772 4632 ⁵cic.
784 4597 831 4646 pro
844 4581 893 4630 Do.
905 4596 968 4644 c.4;
985 4596 1031 4645 pro
1043 4579 1092 4643 Syl⁴
1106 4587 1130 4628 et
1145 4594 1181 4628 11.
1194 4579 1264 4628 Fam.
1279 4577 1317 4658 ²8.
1373 4577 1721 4643 ·1.4.adTre.(1).36.1).

952 4661 1035 4713 'Sem
1050 4676 1070 4710 1.
1082 4661 1172 4712 Oedl.
1186 4659 1224 4710 26.

1067 4829 1116 4878 12
