4456 5566
861 728 1269 796 PRAEFATIO.
1356 727 1358 731 ’
1720 745 1767 788 xv

364 967 425 1032 nisi
447 967 647 1034 Iamesium¹
667 979 701 1035 et
725 972 897 1054 Byrdum²
914 994 1025 1050 meos3
1047 973 1094 1037 sie
1115 972 1213 1036 utin
1232 995 1282 1036 me
1304 973 1422 1036 iterum
1446 991 1525 1036 onus
1548 967 1768 1036 toturn.istins

365 1071 643 1138 recr'datoctionis.
691 1075 804 1158 Rogas
827 1077 854 1140 si
877 1077 938 1140 sim
962 1076 1118 1142 iere'ndo?
1141 1087 1177 1142 at
1200 1078 1313 1156 enitar,
1329 1087 1493 1162 quantum
1515 1077 1548 1140 in
1571 1095 1626 1138 me
1649 1083 1709 1151 est,
1733 1082 1767 1138 et

364 1197 459 1258 spero
483 1177 605 1242 ieram:
640 1179 754 1262 itaque
780 1190 813 1244 et
837 1182 948 1245 invito·
964 1192 999 1244 te
1028 1171 1212 1245 auditorem
1240 1192 1274 1245 et
1297 1191 1527 1264 spectatorem.
1572 1178 1667 1252 Veni.
1690 1249 1693 1258 ,
1713 1177 1768 1240 Ne

363 1281 445 1345 time
472 1282 598 1360 Bertas,
628 1294 662 1347 et
686 1284 859 1348 Adamum
890 1286 1070 1349 nubentem
1105 1285 1233 1362 iterum,
1261 1295 1317 1349 aut
1345 1285 1523 1349 Lactarum
1547 1303 1656 1366 rursus
1689 1282 1767 1345 doc·

365 1396 519 1465 toratum,
534 1399 591 1452 aut
608 1388 677 1451 eius
695 1390 824 1471 generis
843 1389 1057 1472 leguleiorum
1078 1409 1182 1472 nugas
1203 1399 1236 1452 et
1256 1409 1362 1453 meras
1381 1390 1498 1452 tricas:
1522 1385 1661 1450 habebis
1677 1386 1766 1449 enim

365 1490 397 1554 in
420 1489 588 1573 Vesperiis
616 1493 839 1556 tractationem
868 1515 890 1557 a
920 1513 970 1556 me
998 1491 1037 1556 de
1065 1493 1137 1556 inre
1166 1491 1446 1574 inlinendusque
1474 1490 1513 1554 de
1541 1489 1665 1554 caussis
1694 1487 1770 1552 belli

363 1591 558 1676 suscipiendi
577 1592 617 1656 de
640 1593 821 1658 rationibus
834 1595 981 1678 gerendi,
1000 1595 1040 1658 de
1061 1595 1133 1658 inre
1156 1595 1314 1658 vectorum
1335 1605 1368 1657 et
1387 1593 1591 1661 devotorum.
1637 1591 1767 1659 Audies

364 1695 398 1758 in
427 1698 682 1761 controversiam
710 1701 853 1763 revocari
877 1695 971 1784 (dum
999 1695 1236 1783 disputabitur)
1259 1698 1353 1762 civile
1380 1699 1431 1761 ius
1454 1698 1702 1760 Romanorum:
1733 1695 1767 1757 in

363 1799 525 1863 bonorum
542 1800 779 1880 interdictione,
794 1803 827 1865 in
848 1803 1041 1885 quaestione
1063 1802 1206 1866 hominis
1227 1801 1331 1880 liberi,
1349 1803 1382 1865 in
1406 1800 1559 1884 quaerela
1575 1799 1765 1863 inofficiosi:

363 1902 422 1966 sed
441 1914 475 1968 et
498 1905 524 1968 si
544 1925 630 1968 uxor
647 1907 910 2000 teneaturasequi
929 1907 1033 1970 virum
1058 1907 1262 1985 exulantem,
1280 1907 1308 1970 si
1332 1916 1460 1989 patrem
1484 1903 1620 1968 exulem
1642 1901 1766 1967 interfi-

364 2007 453 2070 ciens
469 2016 517 2070 est
533 2008 706 2090 parricida,
721 2009 748 2072 si
767 2019 902 2093 propter
917 2011 1030 2074 dotem
1046 2031 1066 2072 a
1085 2031 1199 2074 socero
1215 2031 1280 2074 non
1297 2010 1440 2074 solutam
1457 2011 1558 2072 domo
1574 2027 1658 2071 uxor
1673 2005 1767 2088 pelli·

364 2118 425 2186 tur,
443 2109 522 2172 mihi
539 2131 614 2175 cum
630 2111 704 2175 filiis
719 2111 782 2175 illis
799 2115 880 2176 meis
896 2122 1165 2178 controversetur.

409 2211 467 2275 An
490 2214 553 2278 ista
580 2214 794 2297 leguleiorum
821 2217 952 2300 tuisque
982 2217 1116 2298 indigna
1138 2216 1292 2280 videntur
1315 2212 1469 2279 auribus?
1503 2233 1569 2277 non
1593 2212 1766 2278 videntur:

365 2316 472 2380 multo
492 2317 592 2398 igitur
606 2319 715 2381 minus
738 2318 795 2381 illa
817 2340 903 2401 quae
921 2320 953 2382 in
974 2317 1136 2397 Comitiis‚
1155 2320 1376 2401 respondente
1396 2317 1511 2382 Sando
1522 2315 1544 2380 ³.
1582 2315 1708 2378 Bellum
1723 2336 1767 2378 ore

357 2420 464 2501 possit
484 2420 605 2484 iustum
624 2421 775 2504 euinque
796 2443 884 2498 esse,·
920 2443 964 2487 on
987 2422 1130 2486 inbellis
1150 2422 1300 2486 civilibus
1326 2423 1379 2485 ins
1398 2429 1530 2484 moneat
1547 2419 1766 2501 legationum,·

364 2544 408 2586 on
422 2522 571 2588 subditus
578 2525 725 2608 principi
737 2527 905 2608 religionis
919 2548 940 2590 a
954 2546 1015 2590 suu
1026 2524 1176 2590 diuersae
1191 2525 1334 2592 militare
1347 2525 1460 2592 debeat
1469 2533 1582 2588 contra
1588 2521 1768 2610 principem

366 2625 533 2708 religionis
547 2648 647 2692 sune:
670 2629 703 2692 id
727 2640 777 2694 est
793 2651 835 2693 an
859 2629 991 2714 papista
1013 2638 1127 2693 contra
1144 2629 1270 2710 Papam
1288 2636 1376 2692 recte
1399 2627 1507 2709 regius
1529 2625 1666 2710 principi
1689 2643 1768 2688 suae

368 2729 495 2795 militet.
542 2731 632 2814 Ergo
656 2732 796 2799 Benette
818 2734 901 2810 veni,
919 2734 970 2798 vel
994 2743 1030 2797 ut
1047 2755 1106 2796 nos
1130 2734 1252 2811 audias,
1268 2752 1407 2816 quorum
1424 2753 1442 2794 e
1464 2751 1599 2794 numero
1618 2741 1651 2795 et
1667 2739 1702 2794 tu
1723 2750 1767 2794 es,

367 2832 451 2897 Veni
468 2844 502 2899 et
517 2835 598 2900 vale.
661 2923 665 2932 .

973 2923 1085 2988 Oxou.
1101 2925 1155 2988 die
1172 2923 1228 2989 ult.
1246 2925 1330 2988 Iunii
1347 2923 1440 3004 1588.

1188 3021 1644 3114 ALB[ERICUS]TUUS.

584 3113 644 3178 10.
661 3112 898 3186 BENETTO.

667 3213 777 3277 amico
792 3214 970 3278 carissimo.

373 3319 407 3329 ——a

409 3383 418 3416 ¹
440 3381 611 3443 Franciscus
633 3383 739 3455 lomes,
759 3383 831 3462 Coll.
855 3383 945 3443 Omn.
967 3386 1064 3443 Anim.
1088 3385 1194 3457 socius,
1216 3384 1255 3443 ad
1274 3383 1398 3460 gradum
1418 3381 1440 3440 1.
1457 3381 1489 3442 C.
1506 3381 1543 3442 D.
1561 3383 1706 3442 admissus
1724 3391 1769 3440 est

368 3479 447 3552 Feb,
463 3491 576 3540 creatus
597 3491 640 3540 est
662 3481 726 3554 Iul,
742 3501 924 3541 umxxxvrrr.
966 3481 1045 3542 Inter
1060 3481 1096 3541 G.
1113 3481 1206 3558 Loydi
1225 3493 1350 3541 mortem
1370 3491 1398 3541 et
1413 3480 1538 3539 Alberici
1560 3480 1768 3554 inuestiturarn,

367 3577 434 3638 huic
455 3585 508 3660 per
527 3579 623 3638 literas
644 3591 778 3658 patentes
799 3582 908 3657 regiam
931 3582 999 3640 iuris
1021 3581 1113 3639 ciuilis
1133 3580 1302 3640 cathedram
1324 3579 1422 3638 datam
1442 3597 1507 3637 esse
1527 3579 1564 3637 ab
1583 3579 1650 3636 Ant.
1668 3577 1769 3638 Wood

367 3676 487 3736 relatum
503 3689 555 3737 est.
597 3678 678 3736 Hesi
696 3677 799 3749 Oxon,
815 3678 922 3750 Gutch,
937 3679 995 3738 vol.
1010 3679 1038 3751 ii,
1053 3698 1081 3755 p.
1099 3680 1169 3752 858.
1213 3676 1409 3736 Cancellarius
1425 3687 1486 3735 erat
1501 3677 1663 3734 diocesium
1678 3675 1768 3736 Wells

367 3783 395 3834 et
417 3775 553 3846 Briston,
576 3787 680 3852 postea
709 3776 834 3837 diocesis
856 3777 1061 3849 Londinensis,
1085 3794 1203 3834 necnon
1229 3776 1335 3835 Curiae
1356 3773 1532 3834 Audientiae
1560 3772 1768 3835 Cantuarensis

368 3871 469 3932 Iudex.
513 3871 594 3933 Obiit
613 3892 732 3934 uocxvr.
1161 3888 1163 3896 ’

408 3971 419 4006 ²
441 3971 518 4031 Guil.
541 3971 619 4044 Bird‚
642 3972 716 4032 Coll.
740 3971 830 4033 Omn.
853 3975 952 4033 Anim.
974 3974 1079 4044 socius,
1103 3985 1216 4033 creatus
1238 3983 1282 4032 est
1303 3971 1327 4030 1.
1350 3973 1384 4033 C.
1406 3971 1444 4030 D.
1465 3990 1646 4043 uouxxxvru,
1666 3980 1770 4049 postea

367 4089 465 4147 eques,
492 4069 596 4130 Curiae
620 4072 656 4131 de
678 4073 813 4131 Arcubus
834 4072 983 4144 Decanus,
1005 4083 1033 4132 et
1058 4073 1164 4133 Curiae
1186 4072 1409 4149 Praerogatiuae
1434 4069 1642 4129 Cantuarensis
1665 4070 1768 4130 Iudex.

368 4167 449 4228 Obiit
465 4187 604 4228 uucxxrv.
1018 4175 1024 4187 '

407 4266 418 4300 ⁸
440 4265 659 4343 Respondentis
668 4268 763 4327 uicem
775 4269 936 4328 sustinebat
947 4270 1047 4345 procul
1058 4269 1148 4328 dubio
1158 4269 1299 4346 Eduyuus
1310 4269 1423 4346 Sandys
1433 4267 1488 4338 ille,
1495 4265 1568 4326 Coll.
1578 4265 1652 4326 C.C.
1663 4268 1770 4341 socius,

368 4362 405 4422 de
419 4382 487 4441 quo,
500 4381 579 4424 anno
595 4384 758 4438 uurxrxm,
769 4376 851 4443 pater
865 4367 928 4426 eius
937 4367 1185 4445 Archiepiscopus
1200 4367 1288 4426 Ebor.
1304 4367 1436 4425 Domino
1451 4364 1589 4442 Burleigh
1603 4366 1769 4441 scripserat:

370 4464 377 4490 ‘
393 4460 496 4520 Filium
512 4461 611 4521 Oxon.
626 4463 731 4535 habe0,
747 4475 814 4523 ante
829 4465 885 4523 hos
901 4475 958 4523 tres
972 4483 1068 4524 anuos
1080 4466 1193 4524 Artium
1205 4465 1389 4541 Magistrum,
1400 4465 1459 4522 iarn
1474 4481 1526 4540 per
1535 4463 1686 4521 biennium
1702 4465 1770 4523 iuris

370 4562 377 4588 ⁴
393 4559 565 4640 studiosum,
580 4570 609 4620 et
623 4572 723 4638 aptum
739 4561 789 4640 qui
803 4580 883 4620 anno
900 4563 1036 4638 proximo
1057 4562 1160 4622 doctor
1175 4561 1272 4621 fieret!
1314 4561 1416 4620 Fertur
1430 4579 1496 4619 eum
1517 4578 1595 4618 anno
1617 4579 1770 4619 uoaxxxrx

373 4673 425 4731 pro
441 4657 533 4733 gradu
548 4657 572 4717 I.
588 4656 623 4718 C.
637 4659 671 4716 Β.
687 4659 792 4719 frustra
807 4659 1026 4737 supplicauisse.

1041 4854 1099 4900 C2
