4456 5566
974 724 1378 790 PRAEFATIO.

530 961 606 1057 Spe
634 963 766 1036 ductus
788 964 918 1037 harum
941 965 1235 1062 disputationum
1259 962 1417 1059 uestigia
1441 961 1627 1058 quaedam
1653 960 1876 1048 inueniendi‚

479 1093 643 1169 Alberici
657 1097 768 1171 MSS.
782 1099 915 1172 iterum
935 1097 1103 1196 peruolui
1117 1115 1155 1171 et
1173 1073 1415 1193 quaestiones
1431 1094 1657 1192 uesperiales
1674 1121 1698 1167 a
1715 1094 1876 1168 lamesio

477 1227 729 1304 discutiendas
755 1233 877 1306 adhuc
904 1250 1053 1307 exstare
1077 1232 1199 1306 dicere
1226 1221 1392 1328 possum,
1420 1229 1578 1304 scilicet:
1616 1253 1637 1302 1.
1666 1229 1696 1301 si
1724 1243 1876 1325 propter

477 1361 595 1436 malos
614 1390 737 1440 mores
755 1367 922 1440 interdici
942 1367 1038 1442 solet
1055 1367 1163 1440 bonis
1183 1365 1368 1462 paternis:
1397 1389 1435 1439 11.
1464 1365 1494 1436 si
1513 1363 1619 1438 liberi
1637 1363 1808 1437 homines
1826 1361 1875 1433 ad

476 1497 672 1571 ueritatem
703 1503 1001 1599 cognoscendam
1028 1518 1127 1575 recte
1157 1517 1399 1596 torquentur:
1428 1523 1489 1593 in.
1526 1499 1556 1571 si
1584 1522 1678 1571 uxor
1704 1511 1876 1570 teneatur
1957 1483 1959 1490 ’

475 1631 582 1726 sequi
609 1633 729 1707 uirum
756 1635 980 1723 exulantem,
1006 1651 1072 1709 aut
1095 1659 1220 1708 carere
1247 1632 1431 1707 alimonia.
1488 1633 1589 1705 Birdi
1613 1630 1875 1728 quaestionum
1961 1617 1964 1622 ¹

475 1781 599 1839 exstat
619 1783 764 1842 tantum
784 1770 913 1866 prima,
933 1769 1093 1844 scilicet:
1120 1769 1151 1843 si
1176 1785 1319 1869 patrem
1338 1763 1551 1842 exulantem
1576 1765 1797 1839 interficiens
1817 1777 1876 1836 est

475 1900 664 1992 parricida.
720 1901 871 1977 Desunt
900 1903 1052 1977 omnino
1084 1918 1160 1976 tam
1192 1901 1312 1975 oratio
1343 1899 1561 1998 uesperialis
1589 1900 1638 1973 de
1669 1900 1747 1971 iure
1774 1893 1873 1979 belli,

474 2055 587 2126 quam
615 2035 855 2129 quaestiones
881 2033 1095 2111 comitiales

528 2257 733 2334 Paucorum
760 2263 942 2336 mensium
973 2257 1168 2334 interuallo
1195 2287 1243 2334 ex
1269 2259 1522 2356 disputatione
1549 2258 1724 2333 comitiali
1752 2256 1871 2330 factus

473 2407 532 2464 est
574 2389 729 2483 libellus,
774 2397 832 2470 cui
877 2394 1007 2470 titulus
1048 2394 1109 2467 De
1150 2394 1244 2466 lure
1289 2393 1393 2465 Belli
1440 2393 1686 2466 commentatio
1730 2392 1869 2488 prima.

476 2524 590 2600 Hunc
615 2528 775 2603 Londini
802 2530 935 2604 eodem
957 2555 1056 2603 anno
1079 2531 1179 2626 typis
1202 2527 1438 2601 mandauisse
1463 2527 1671 2602 Iohannem
1693 2524 1871 2599 Wolfium

473 2682 540 2754 pro
564 2679 665 2738 certo
692 2663 816 2738 habeo
829 2669 852 2752 ¹,
870 2688 1097 2760 quamquam
1125 2661 1239 2760 uulgo
1266 2661 1428 2735 creditur
1449 2662 1621 2760 Lugduni
1643 2661 1870 2735 Batauorum

472 2793 630 2887 primum
647 2797 682 2869 in
701 2796 820 2871 lucem
840 2797 1031 2894 prodiisse.

522 2929 637 3004 Anno
666 2953 865 3004 uunxxxrx
894 2931 1054 3014 ineunte,
1086 2946 1213 3002 secuta
1243 2947 1302 3002 est
1331 2932 1597 3004 commentatio
1629 2928 1792 3002 secunda
1822 2952 1870 2999 ex

471 3061 606 3135 eodem
634 3063 748 3160 prelo,

524 3194 608 3268 Has
634 3197 741 3270 binas
765 3198 1099 3271 commentationes
1122 3197 1234 3294 paulo
1262 3217 1357 3295 post,
1377 3198 1515 3272 scilicet
1541 3225 1638 3271 anno
1663 3218 1869 3280 nrunxxxrx,

472 3327 645 3428 Lugduni
666 3331 922 3419 Batauorum²‚
943 3333 1074 3406 excudi
1098 3335 1241 3407 curauit
1262 3333 1449 3407 lohannes
1474 3334 1521 3406 de
1547 3332 1582 3406 la
1610 3331 1721 3427 Croy,
1740 3329 1804 3426 qui
1832 3344 1870 3401 et

470 3464 659 3561 praefatus
677 3471 735 3540 est
755 3467 790 3539 in
809 3467 902 3540 haec
920 3468 1036 3540 uerba
1050 3495 1108 3541 :-

509 3753 518 3785 ¹
540 3753 636 3813 Huius
658 3756 913 3814 commentationis
935 3757 1085 3832 exemplar
1107 3757 1234 3815 Londini
1256 3773 1395 3815 excusum
1417 3773 1568 3831 nunquam
1590 3755 1659 3825 uidi,
1680 3754 1733 3814 sed
1754 3763 1868 3811 constat

468 3851 514 3909 die
539 3869 578 3909 xx
607 3853 785 3929 Septembris
813 3855 882 3913 anni
911 3873 1093 3924 uunxxxvm,
1116 3856 1245 3914 Alberici
1274 3854 1398 3913 Gentilis
1423 3853 1469 3911 De
1490 3852 1559 3912 Iure
1582 3854 1662 3912 Belli
1681 3853 1809 3912 libellum
1837 3853 1867 3910 in

467 3947 610 4025 Registris
626 3950 777 4010 Societatis
793 3951 1033 4011 stationariorum
1044 3952 1287 4011 Londiniensium
1302 3971 1319 4010 a
1335 3951 1467 4010 Iohanne
1481 3951 1589 4011 Wolfio
1600 3953 1777 4010 insinuatum
1792 3969 1864 4009 esse.

467 4045 631 4122 Epistolam
641 4049 849 4109 dedicatoriam
865 4050 1009 4108 scribebat
1019 4049 1142 4109 Gentilis
1156 4069 1182 4109 a.
1194 4050 1223 4109 d.
1234 4051 1263 4108 iii
1275 4049 1353 4110 Non.
1367 4049 1433 4110 Oct.
1443 4051 1574 4109 eiusdem
1589 4051 1665 4108 anni.
1694 4050 1730 4109 In
1745 4048 1867 4126 epistola

468 4131 645 4205 dedicatoria
673 4147 928 4207 commentationis
957 4147 1112 4218 secundae,
1140 4165 1165 4207 a
1193 4149 1221 4208 d.
1250 4167 1279 4206 ιν
1305 4149 1371 4208 Kal.
1401 4149 1462 4208 lan.
1492 4167 1664 4208 unaxxxvur
1692 4149 1866 4224 conscripta,

467 4243 648 4303 mentionem
665 4243 733 4304 sacit
752 4255 852 4304 auctor
870 4246 1124 4305 commentationis
1143 4246 1253 4324 primae
1274 4247 1352 4305 uelut
1372 4247 1545 4324 iampridem
1559 4247 1666 4324 publici
1681 4247 1749 4307 iuris
1764 4247 1865 4306 sactae.

466 4341 755 4403 Commentationum
771 4344 917 4403 secundae
931 4355 961 4404 et
976 4345 1083 4414 tertiae,
1099 4362 1117 4402 a
1132 4344 1195 4405 Ioh.
1210 4344 1294 4403 Wolf
1309 4364 1488 4418 excusarum,
1504 4357 1621 4406 exstant
1639 4347 1669 4405 in
1684 4345 1865 4405 Bibliotheca

466 4439 629 4500 Bodleiana
642 4443 827 4520 exemplaria.

506 4537 517 4572 ²
538 4538 701 4600 Nominum
716 4542 901 4601 similitudine
916 4541 1038 4602 sortasse
1055 4543 1177 4619 decepti,
1192 4543 1319 4620 quidam,
1331 4543 1409 4603 uelut
1425 4543 1542 4602 Hailam
1554 4541 1621 4624 (Lit.
1633 4539 1715 4619 Eur.)
1727 4541 1864 4619 Lugduni

464 4638 495 4696 in
510 4635 605 4698 Gallia
619 4639 704 4700 huius
720 4642 816 4718 operis
831 4642 989 4702 editionem
1004 4643 1146 4703 exstitisse
1162 4644 1285 4702 tradunt.
