4604 5562
756 719 817 772 DE
846 719 949 773 IURE
976 719 1112 788 BELLI,
1142 717 1222 774 LIB.
1246 719 1270 786 l,
1299 719 1387 774 CAP.
1410 718 1476 774 XV.
1773 707 1815 789 67

463 953 531 1019 Sed
547 965 580 1020 et
595 966 791 1039 argumento
807 979 873 1023 non
885 960 965 1023 satis
980 959 1075 1022 firmo
1091 959 1291 1024 concludunt
1303 979 1342 1022 eo
1359 959 1459 1022 modo
1476 956 1507 1021 in
1524 955 1588 1022 alia
1603 956 1816 1040 quaestione:

420 1067 506 1147 quod
522 1067 671 1149 accipere
688 1069 761 1151 quis
779 1070 884 1152 possit
901 1070 1074 1153 pecuniam
1093 1091 1153 1152 pro
1168 1070 1272 1134 altero
1286 1068 1514 1134 defendendo:
1537 1088 1638 1151 quam
1653 1069 1832 1151 acciperet

420 1178 563 1260 turpiter,
573 1179 599 1242 si
613 1180 681 1244 iure
693 1190 859 1246 teneretur
868 1180 1054 1247 defendere.
1077 1182 1236 1264 Nunquid
1256 1182 1344 1246 enim
1357 1201 1538 1263 seruosque
1553 1180 1735 1264 praemium
1748 1180 1818 1244 eius

421 1310 484 1354 non
499 1292 717 1375 consequitur,
728 1295 818 1378 quod
837 1293 971 1376 impune
987 1314 1053 1358 non
1069 1293 1238 1359 omitteret
1253 1291 1399 1358 tamen¹i
1422 1294 1541 1376 Neque
1556 1293 1697 1375 turpiter
1711 1293 1818 1370 datur,

422 1422 524 1485 neque
535 1405 673 1487 turpiter
687 1406 845 1490 accipitur
858 1406 1067 1489 gratitudinis
1083 1426 1172 1489 ergo.
1197 1406 1274 1470 Non
1291 1427 1350 1489 per
1360 1405 1465 1470 ciuem
1482 1426 1503 1469 a
1518 1405 1661 1483 ciuitate,
1678 1425 1743 1469 non
1760 1422 1819 1487 per

422 1513 520 1578 filium
541 1515 627 1579 male
643 1517 689 1580 sic
704 1517 863 1600 accipitur
876 1538 897 1581 a
912 1526 1013 1600 patre.
1048 1516 1249 1581 ‘Enimuero
1264 1526 1403 1594 constat,
1414 1516 1571 1580 nonnulla
1587 1536 1647 1580 nec
1661 1515 1732 1580 fieri
1748 1515 1819 1580 sine

423 1625 553 1706 ‘glon’a
569 1637 603 1691 et
625 1647 723 1710 posse
738 1648 804 1692 non
819 1627 888 1692 lieri
905 1629 975 1692 sine
997 1627 1113 1711 culpa:
1137 1629 1279 1712 ideoque
1301 1630 1328 1692 si
1348 1629 1438 1706 fiant,
1454 1628 1554 1710 digna
1569 1647 1641 1692 esse
1656 1626 1818 1709 praemiis,

422 1739 506 1798 ‘non
529 1746 641 1801 tamen
665 1738 841 1821 suppliciis,
859 1739 885 1802 si
909 1759 973 1803 non
997 1739 1086 1804 fiant.
1132 1739 1177 1802 Et
1200 1760 1335 1818 rursum,
1358 1740 1521 1830 quaedam
1545 1738 1818 1821 percontrarium

424 1848 594 1931 ‘neglecta
616 1848 751 1932 quidem
768 1851 929 1916 offensam
946 1850 1153 1929 contrahunt,
1169 1851 1228 1914 sed
1247 1851 1384 1935 impleta
1399 1850 1537 1934 gloriam
1554 1870 1619 1914 non
1636 1847 1819 1918 merentur!

424 1959 476 2023 Sic
500 1960 715 2026 Bemardus2.
761 1961 890 2044 Quibus
906 1983 968 2045 ego
984 1963 1073 2026 addo
1090 1963 1244 2040 medium,
1262 1963 1446 2044 ‘quaedam
1468 1981 1549 2040 esse,
1563 1981 1649 2044 quae
1668 1961 1820 2044 neglecta

423 2071 602 2136 ‘offensam
629 2073 835 2151 contrahunt,
858 2084 891 2138 et
920 2074 1057 2158 impleta
1084 2074 1266 2157 praemium
1294 2073 1478 2139 merentur?
1533 2073 1602 2139 Sed
1629 2082 1663 2138 et
1689 2074 1722 2136 in
1748 2072 1821 2137 foro

424 2183 640 2247 conscientiae
663 2184 729 2248 imo
753 2185 855 2248 teneri
874 2184 1042 2250 hominem
1064 2186 1107 2248 ad
1128 2184 1272 2248 hominis
1290 2184 1516 2248 defensionem
1539 2184 1654 2250 uolunt
1664 2183 1686 2250 ³.
1733 2183 1821 2248 Con·

423 2295 556 2358 scientia
582 2303 694 2358 autem
722 2305 772 2360 est
797 2295 967 2360 arbitrium
994 2297 1073 2360 boni
1100 2295 1169 2374 uiri,
1192 2296 1260 2359 imo
1284 2294 1401 2378 optimi
1411 2292 1435 2358 ⁴.
1482 2294 1550 2360 Sed
1575 2304 1609 2359 et
1635 2294 1668 2358 in
1694 2294 1821 2360 ratione

423 2405 549 2469 honesti
572 2405 634 2470 hoc
658 2405 747 2470 idem
769 2408 913 2471 tradunt.
959 2407 1004 2472 Et
1027 2427 1088 2472 nos
1110 2407 1163 2471 hic
1186 2408 1361 2471 honestum
1378 2411 1552 2483 sectamur,
1568 2411 1601 2469 et
1619 2405 1701 2469 illud
1719 2405 1820 2470 arbit·

424 2516 512 2581 rium.
560 2516 627 2581 Sed
655 2527 689 2581 et
716 2517 749 2580 in
775 2517 844 2582 iure
874 2517 961 2582 ciuili
989 2528 1022 2584 et
1049 2519 1081 2582 in
1108 2517 1267 2583 canonico
1297 2526 1411 2581 contra
1438 2515 1581 2599 reliquos
1605 2515 1653 2580 sic
1686 2515 1822 2581 inclinat

425 2627 582 2707 Bartolus,
608 2637 641 2693 et
666 2630 787 2693 docent
810 2629 996 2704 AlbericuS,
1023 2629 1152 2713 lgneus,
1178 2629 1309 2707 Decius,
1333 2627 1496 2706 Alciatus‚
1520 2627 1721 2692 Molineus⁶.
1774 2626 1821 2690 Et

426 2740 546 2805 Baldus
565 2741 740 2824 eleganter,
755 2742 844 2823 quod
861 2742 958 2824 culpa
976 2742 1027 2819 sit,
1043 2741 1268 2806 defensionem
1287 2740 1421 2805 alterius
1439 2741 1603 2817 omittere,
1619 2738 1677 2818 sui,
1693 2738 1789 2802 dolus
1799 2739 1821 2804 ⁸.

425 2851 517 2934 Quae
533 2861 567 2915 et
581 2852 660 2916 alibi
676 2861 797 2917 censet.
846 2852 921 2916 Huc
938 2851 1035 2916 Plato
1054 2861 1145 2916 totus
1162 2851 1300 2916 accedit.
1347 2850 1424 2915 Hoc
1440 2860 1474 2914 et
1491 2850 1664 2931 Siracides,
1679 2849 1821 2915 ‘Exime

426 2966 520 3027 ‘eum
537 2964 587 3027 cui
607 2963 645 3027 fit
664 2963 780 3026 iniuria
799 2965 842 3027 de
861 2983 959 3026 manu
979 2963 1126 3026 iniurii⁷.'
1173 2963 1220 3026 Et
1234 2961 1287 3027 hic
1306 2983 1368 3045 ego
1385 2983 1517 3045 quoque
1536 2983 1609 3026 sum
1628 2960 1821 3045 praesertim

425 3074 458 3149 si,
475 3076 562 3156 quod
582 3075 711 3138 addunt
726 3073 905 3156 supradicti
921 3075 1123 3156 interpretes,
1139 3074 1286 3138 defensio
1305 3094 1371 3138 non
1393 3074 1435 3138 sit
1454 3093 1528 3138 cum
1545 3071 1690 3155 periculo
1709 3071 1822 3136 defen-

425 3185 539 3251 dentis.
570 3186 659 3249 Nam
676 3187 708 3249 in
725 3186 870 3267 periculo
885 3206 921 3249 se
935 3205 1058 3268 ponere
1074 3205 1172 3250 nemo
1188 3194 1327 3250 tenetur.
1347 3205 1445 3249 nemo
1461 3184 1507 3248 sic
1522 3192 1654 3248 tenetur
1665 3182 1823 3246 aduersus

425 3295 608 3361 incendium
636 3295 854 3361 succurrere⁸.
892 3297 1001 3360 Audis
1023 3296 1145 3379 alioqui
1170 3297 1435 3373 Constantinum,
1458 3296 1548 3378 quod
1575 3295 1632 3377 qui
1658 3315 1702 3357 ex
1728 3313 1822 3376 prae-

426 3409 543 3492 scripto
557 3409 621 3472 Dei
637 3410 762 3487 uiuunt,
775 3408 846 3473 aliis
863 3408 998 3486 illatam,
1012 3429 1105 3472 suam
1121 3408 1272 3472 iniuriam
1288 3427 1360 3472 esse
1375 3407 1535 3471 censent⁹.
1568 3403 1665 3483 Ui'de,
1680 3405 1770 3486 quod
1787 3412 1822 3468 et

428 3518 594 3584 Romanos
615 3521 661 3585 sic
682 3521 774 3584 iuuat
797 3530 911 3584 contra
930 3520 1152 3584 Maxentium.
1195 3518 1289 3581 Audi
1310 3519 1428 3582 iterum
1446 3515 1595 3580 iuristam
1612 3513 1717 3593 Baldi,
1734 3512 1820 3596 ‘Qui

428 3632 512 3694 ‘non
535 3631 692 3709 defendit,
709 3650 768 3695 nec
787 3631 917 3695 obsistit
937 3631 1080 3706 iniuriae,
1097 3640 1166 3694 tarn
1186 3638 1235 3692 est
1254 3629 1287 3692 in
1306 3629 1396 3707 uitio,
1415 3647 1515 3710 quam
1538 3626 1565 3690 si
1588 3633 1749 3708 parentes,
1764 3633 1823 3689 aut

428 3745 579 3823 ‘amicos
594 3752 652 3808 aut
668 3744 809 3826 patriam
825 3745 957 3807 deserat
967 3742 1010 3807 ¹⁰!

466 3854 581 3938 Atque
603 3856 631 3917 si
653 3855 736 3919 haec
758 3875 835 3918 uera
858 3855 891 3918 in
914 3853 1051 3938 priuatis
1073 3861 1157 3932 sunt,
1179 3859 1304 3936 quanto
1328 3850 1433 3933 magis
1460 3850 1493 3913 in
1519 3848 1719 3932 principibus
1746 3867 1824 3912 uera

428 3966 540 4031 erunt?
587 3966 635 4030 Hi
659 3975 776 4031 mutuo
799 3966 1034 4049 appellantque
1056 3985 1091 4029 se
1114 3971 1282 4047 cognatos,
1298 3962 1520 4041 consobrinos,
1542 3960 1669 4026 fratres.
1713 3959 1824 4024 Tanto

429 4077 529 4160 magis
551 4099 629 4142 uera
652 4077 684 4141 in
700 4077 901 4161 principibus
916 4086 1019 4154 erunt,
1034 4085 1165 4159 quanto,
1181 4076 1207 4138 si
1231 4075 1378 4157 priuatus
1400 4074 1565 4157 priuatum
1585 4093 1651 4137 non
1667 4069 1824 4150 defendit,

491 4348 532 4400 ¹1.
545 4365 567 4414 5.
579 4349 621 4414 qui
633 4348 661 4398 si.
672 4347 803 4398 madri.
815 4365 866 4414 per.
878 4349 923 4412 (D.
933 4363 973 4411 40.
986 4347 1092 4410 8);Pla.
1104 4363 1128 4413 9.
1141 4347 1172 4396 de
1183 4349 1241 4412 Leg.
1402 4343 1500 4395 ¹Bem,
1513 4345 1545 4396 de
1557 4346 1640 4394 Praec.
1652 4351 1677 4394 et
1688 4343 1759 4409 Disp.

586 4429 700 4481 ⁸1as.d.
712 4429 729 4481 1.
743 4430 850 4496 5;Eug.
862 4447 930 4481 cons.
944 4429 983 4481 86.
1125 4428 1206 4479 ⁴Bal.
1219 4428 1238 4477 l.
1249 4428 1293 4478 ult.
1305 4429 1336 4478 C.
1349 4428 1381 4476 de
1392 4427 1425 4477 iu.
1437 4427 1479 4477 do.
1491 4426 1551 4492 imp.
1563 4428 1599 4486 (8.
1609 4427 1662 4489 34).

431 4509 502 4562 'Ale
514 4513 537 4563 d.
546 4529 614 4564 cons.
626 4523 672 4576 273
686 4513 750 4563 Mol.
758 4513 791 4562 ad
802 4513 865 4564 Dee.
876 4514 892 4562 l.
902 4527 924 4577 5.
932 4513 963 4563 de
972 4529 1024 4578 reg.
1032 4513 1077 4577 (D.
1087 4525 1126 4576 50.
1138 4513 1188 4576 17).
1222 4510 1232 4540 ⁸
1244 4509 1479 4574 Bal.4.eons.111;
1491 4508 1510 4556 1.
1518 4522 1541 4558 r.
1550 4508 1580 4558 C.
1589 4509 1621 4558 de
1629 4522 1675 4556 ser.
1682 4505 1733 4570 fug.
1744 4506 1779 4569 (6.
1791 4506 1825 4568 ι).

471 4593 592 4659 'Eccl.4.
635 4595 1123 4662 ⁸Ball.1.de0tf.pr.ui.(o.1.15).
1165 4591 1248 4642 ’Nio
1260 4593 1325 4643 Call.
1338 4590 1425 4656 7.llis.
1439 4603 1477 4656 29.
1522 4586 1784 4649 ¹⁰Cic.1.de0ff.7.

1096 4819 1157 4866 ΚΖ
