4604 5562
435 613 765 624 ψ..

768 715 827 768 DE
856 715 959 769 IURE
989 715 1123 787 BELLI,
1153 715 1278 785 LIB.I,
1310 713 1398 770 CAP.
1421 715 1489 770 XX.
1781 725 1820 786 91

432 957 525 1020 nimis
551 965 665 1020 contra
690 957 932 1038 grammaticos.
990 955 1056 1019 Sed
1084 976 1150 1018 non
1180 955 1285 1018 inulta
1312 965 1423 1020 tamen
1454 964 1568 1019 contra
1599 957 1824 1042 Modestinum

432 1067 701 1146 iurisconsultum,
724 1068 781 1149 qui
805 1067 920 1131 itidem
944 1088 1020 1131 cum
1043 1067 1266 1149 grammaticis
1288 1066 1330 1130 ad
1355 1067 1534 1150 septimum
1558 1068 1699 1152 Uirgilii,
1722 1069 1826 1134 ‘Belli

432 1187 566 1245 ‘caussa
587 1179 649 1244 fuit
672 1178 814 1244 uiolatus
837 1180 971 1243 uulnere
993 1176 1128 1242 ceruus.'
1174 1181 1252 1242 Non
1275 1178 1356 1242 leuis
1379 1200 1477 1262 porro
1498 1180 1580 1244 haec
1601 1201 1724 1255 caussa,
1742 1203 1827 1245 uxor

432 1313 531 1374 regno
547 1293 672 1356 dotata.
703 1312 824 1374 magna
839 1291 952 1355 Turno
967 1292 1092 1354 amanti
1109 1311 1243 1355 caussa:
1268 1291 1318 1354 cui
1335 1300 1368 1355 et
1383 1293 1482 1356 toties
1498 1293 1577 1356 data
1593 1294 1741 1358 dextera.
1780 1294 1828 1358 Et

431 1403 510 1467 haec
525 1424 647 1486 magna
662 1423 777 1468 caussa
789 1403 934 1481 Aeneae,
951 1403 1002 1468 cui
1018 1403 1157 1466 Lauinia
1173 1423 1302 1485 sponsa.
1333 1403 1458 1486 Magna
1472 1403 1550 1467 belli
1566 1425 1680 1468 caussa
1697 1404 1827 1470 Helena

433 1528 533 1600 rapta,
557 1527 591 1581 et
617 1516 713 1579 simul
738 1515 898 1579 uiolatum
924 1514 1058 1598 hospitii
1082 1515 1141 1580 ius.
1172 1523 1208 1578 ut
1235 1516 1282 1579 ita
1307 1516 1418 1580 scribit
1446 1515 1586 1580 Strabo:
1620 1526 1654 1582 et
1678 1517 1827 1582 defendit

433 1628 625 1692 Plutarchus
654 1637 769 1691 contra
800 1627 1031 1691 Herodotum:
1066 1625 1122 1708 qui
1152 1625 1248 1705 dixit,
1273 1628 1396 1691 bellum
1427 1637 1618 1712 susceptum
1645 1650 1665 1693 a
1692 1627 1827 1694 Graecis

433 1740 532 1805 stulte
558 1747 693 1824 propter
719 1739 840 1802 malam
868 1739 1060 1802 mulierem:
1092 1760 1178 1820 quae
1205 1739 1318 1821 utique
1344 1759 1404 1803 nec
1431 1750 1526 1822 rapta
1551 1740 1675 1819 fuisset,
1701 1741 1728 1804 si
1756 1741 1833 1826 ipsa,

434 1851 501 1933 rapi
523 1851 681 1915 noluisset
691 1847 713 1913 ¹.
759 1848 953 1913 Plutarchus
973 1849 1006 1912 ui
1028 1860 1157 1931 raptam
1179 1850 1259 1914 uult.
1291 1871 1353 1933 ego
1376 1850 1456 1914 illud
1480 1852 1564 1931 dico,
1584 1852 1733 1916 iniuriam
1756 1853 1827 1916 uiro

434 1963 501 2025 eius
527 1961 649 2025 factam
678 1963 844 2040 maiorem,
867 1963 893 2024 si
921 1981 987 2024 non
1013 1981 1072 2043 per
1094 1961 1162 2024 uim
1190 1971 1283 2044 rapta
1310 1962 1380 2042 suit,
1402 1973 1437 2027 at
1460 1963 1583 2043 uolens,
1606 1973 1639 2027 et
1666 1973 1827 2046 corrupta.

434 2077 589 2158 quoniam
612 2077 741 2138 animus
763 2075 889 2138 alienus
908 2074 977 2139 uiro
1000 2074 1147 2139 redditus
1170 2075 1222 2139 hic
1245 2086 1303 2154 est,
1322 2075 1387 2139 illic
1411 2097 1476 2141 non
1499 2086 1559 2140 est.
1605 2075 1682 2159 Qua
1703 2077 1828 2141 ratione

434 2187 493 2260 {uit
508 2187 653 2251 Athenis
668 2208 774 2270 poena
791 2208 903 2251 eorum
919 2187 1029 2266 leuior,
1045 2187 1101 2269 qui
1117 2207 1176 2269 per
1191 2186 1258 2249 uim
1274 2188 1372 2269 potiti
1387 2186 1501 2251 alienis
1514 2188 1672 2252 uxoribus
1688 2197 1798 2252 essent
1807 2187 1829 2254 ².

434 2299 478 2363 Et
494 2299 526 2362 in
543 2299 611 2363 iure
627 2309 738 2363 nostro
753 2299 840 2363 actio
856 2299 1044 2362 iniuriarum
1061 2299 1203 2362 nascitur
1214 2299 1308 2381 patri,
1320 2300 1399 2377 uiro,
1415 2299 1559 2378 domino,
1575 2300 1645 2364 siue
1660 2300 1828 2364 uolentem

433 2411 501 2473 siue
524 2410 701 2488 nolentem,
720 2410 832 2488 filium,
849 2430 997 2489 uxorem,
1018 2430 1148 2473 seruum
1172 2408 1306 2474 alterius
1323 2411 1397 2493 quis
1420 2431 1454 2474 re
1475 2411 1612 2490 laeserit,
1631 2420 1689 2476 aut
1712 2410 1829 2476 uerbis.

434 2529 466 2584 et
487 2521 530 2584 de
553 2521 761 2602 corruptione
788 2530 838 2584 est
858 2541 990 2603 quoque
1016 2521 1134 2585 actio⁸.
1179 2522 1225 2585 Et
1249 2522 1324 2586 licet
1348 2532 1397 2586 est
1419 2523 1570 2604 quaestio
1593 2523 1677 2586 inter
1699 2531 1830 2586 nostros

434 2633 635 2716 interpretes,
650 2653 692 2695 an
712 2651 780 2712 pax
800 2642 896 2714 rupta
913 2633 1042 2696 dicatur
1057 2654 1100 2696 ex
1119 2632 1360 2698 adulteratione
1378 2635 1511 2712 uxoris;
1534 2643 1568 2698 et
1584 2635 1693 2717 plures
1708 2643 1830 2717 negant

435 2755 574 2828 ruptam.
606 2753 718 2808 tamen
746 2752 779 2806 et
806 2763 866 2808 nec
888 2744 992 2826 pauci,
1016 2764 1075 2808 nec
1102 2746 1333 2809 contemnendi
1358 2755 1435 2809 sunt
1460 2745 1524 2826 alii,
1547 2747 1603 2828 qui
1630 2747 1829 2810 contrarium

434 2857 627 2920 adfirmant:
651 2863 685 2918 et
700 2855 824 2938 priores
840 2856 981 2936 pessime
996 2855 1147 2918 docuisse
1156 2855 1178 2920 ⁴.
1223 2857 1337 2921 Etiam
1355 2866 1389 2921 et
1407 2859 1450 2921 de
1468 2867 1565 2941 rupta
1582 2878 1665 2940 pace
1680 2858 1830 2941 quaestio

435 2967 497 3032 alia
520 2976 579 3033 est.
610 2968 700 3048 quod
724 2987 857 3048 expono
880 2966 913 3028 in
937 2967 1034 3030 tertio
1057 2966 1149 3031 libr0.
1195 2967 1284 3032 Sane
1305 2969 1405 3032 etiam
1425 2967 1604 3033 decennale
1624 2968 1686 3032 suit
1706 2967 1829 3033 bellum

435 3081 518 3143 inter
540 3078 724 3142 Phocenses
747 3087 781 3142 et
803 3078 982 3141 Thebanos
1004 3088 1139 3161 propter
1156 3079 1334 3144 foeminam
1357 3091 1487 3164 raptam
1497 3081 1519 3145 ⁵.
1564 3082 1611 3144 Et
1632 3081 1748 3145 itidem
1773 3081 1830 3144 de·

435 3191 568 3255 cennale
594 3191 638 3254 ob
664 3191 803 3255 eandem
831 3210 964 3252 causam
992 3189 1078 3253 inter
1103 3189 1288 3256 Phocenses
1314 3200 1349 3256 et
1376 3192 1551 3274 Cyrrheos.
1597 3193 1692 3257 Haec
1722 3190 1830 3274 raptio

435 3302 650 3366 foeminarum
675 3323 790 3365 caussa
817 3301 873 3365 illa
895 3301 1087 3364 hostilitatis
1111 3303 1305 3366 immortalis
1328 3301 1529 3368 Graecorum
1551 3312 1585 3368 et
1606 3303 1830 3381 barbarorum,

435 3416 562 3497 ipsique
580 3415 741 3478 adnotata
761 3413 934 3476 Herodoto
955 3413 987 3475 in
1008 3413 1123 3494 primis
1141 3424 1201 3477 est.
1246 3413 1333 3477 Illud
1352 3416 1421 3478 eius
1440 3415 1524 3496 regis
1542 3414 1725 3492 ridiculum,
1740 3423 1777 3477 ut
1793 3423 1830 3478 ut

437 3524 629 3590 Plutarchus
647 3524 767 3589 reserat
785 3526 817 3587 in
839 3522 1191 3607 Apophthegmatibus
1211 3524 1254 3587 ad
1276 3525 1465 3604 Traianum,
1481 3524 1537 3606 qui
1558 3524 1686 3588 ridebat
1705 3525 1831 3589 bellurn

437 3659 480 3701 ex
497 3637 560 3702 hac
578 3657 693 3702 caussa
712 3644 912 3718 susceptum,
935 3643 969 3699 et
987 3634 1029 3697 de
1047 3634 1113 3698 suis
1136 3634 1205 3717 ipse
1228 3635 1338 3717 plures
1360 3657 1420 3718 pro
1439 3657 1505 3700 una
1523 3637 1659 3700 reddere
1680 3635 1831 3701 mulieres

436 3749 659 3832 pollicebatur.
705 3748 810 3831 Quasi
837 3746 945 3810 omnis
972 3746 1087 3809 mulier
1112 3766 1152 3810 ea
1178 3755 1272 3823 esset,
1296 3767 1355 3828 pro
1381 3768 1447 3829 qua
1472 3747 1647 3830 periclitari
1673 3746 1832 3827 Theseus,

437 3873 470 3926 et
485 3864 592 3926 omnis
605 3861 773 3926 coniurare
788 3859 927 3924 Graecia
941 3868 1074 3942 posset:
1094 3868 1131 3922 ut
1146 3859 1178 3921 in
1194 3857 1347 3922 laudibus
1361 3859 1512 3924 Helenae
1526 3859 1638 3925 scribit
1651 3861 1832 3925 Isocrates:

437 4083 560 4147 bellurn
594 4083 770 4166 impulerit.
828 4083 988 4146 Horatius
1018 4091 1052 4145 et
1081 4080 1144 4146 hoc
1170 4081 1262 4158 sals0‚
1287 4083 1395 4146 ‘Nam
1417 4082 1480 4148 luit
1510 4092 1589 4147 ante
1623 4083 1790 4148 Helenam
1801 4083 1834 4146 ⁸.’

440 4195 608 4260 Honestas
623 4195 796 4259 mulierum
812 4195 1010 4258 attaminata
1025 4193 1102 4258 belli
1118 4201 1292 4257 causaest.
1316 4215 1377 4258 nec
1393 4194 1480 4258 enim
1497 4204 1555 4258 aut
1570 4195 1613 4258 ab
1632 4194 1727 4259 hoste
1742 4195 1833 4276 tangi

769 4403 777 4432 ¹
794 4402 842 4453 Str.
853 4402 897 4454 lib.
911 4415 955 4466 ης
973 4402 1027 4452 Plu.
1039 4402 1070 4452 de
1084 4403 1161 4453 Hero.
1175 4403 1243 4463 Ma.;
1260 4404 1338 4456 Hero.
1350 4404 1395 4454 lib.
1411 4420 1432 4456 r.
1444 4420 1466 4454 c.
1477 4419 1501 4468 4.

534 4485 544 4515 ²
561 4487 589 4536 P.
600 4487 666 4537 Vict.
679 4499 719 4548 3²·
731 4487 788 4537 lect.
802 4500 838 4550 ¹5·
972 4485 982 4514 ⁸
999 4485 1015 4534 l.
1030 4498 1051 4534 1.
1066 4483 1104 4534 26.
1116 4485 1148 4535 de
1159 4485 1230 4534 iniur.
1245 4485 1290 4548 (D.
1303 4497 1342 4549 47.
1358 4487 1399 4546 ro)
1412 4493 1436 4537 et
1448 4485 1477 4536 C.
1489 4486 1520 4536 de
1532 4502 1577 4538 ser.
1590 4502 1641 4538 cor.
1654 4487 1688 4551 (6.
1702 4489 1737 4549 a).

655 4570 664 4599 ⁴
682 4569 755 4620 Rom.
766 4583 834 4618 cons.
849 4569 907 4630 1833
924 4567 968 4618 ubi
979 4566 1035 4618 add.
1047 4567 1122 4618 Alex.
1137 4580 1191 4630 115.
1203 4582 1234 4629 43
1251 4566 1294 4616 ubi
1305 4567 1362 4618 add.
1375 4569 1428 4618 Mo.
1440 4568 1512 4619 Alex.
1527 4581 1581 4631 ¹13·
1595 4581 1617 4617 a.

786 4650 796 4680 ³
812 4651 902 4701 Athen.
915 4650 958 4702 lib.
973 4663 1011 4712 13.
1143 4649 1153 4679 ⁸
1171 4649 1235 4699 Hor.
1250 4661 1271 4696 r.
1283 4649 1334 4699 Sat.
1347 4661 1370 4710 3.
1384 4649 1402 4699 l.
1418 4660 1472 4711 107.

1105 4819 1167 4868 Na
