4456 5566
497 756 519 815 4
984 743 1187 798 Arnanrcr
1215 743 1416 798 oanrrars
1500 809 1505 818 ‚

493 985 664 1069 promtius,
684 988 774 1070 quod
796 1008 962 1052 armorum
981 985 1032 1074 (ut
1053 988 1107 1052 ille
1130 985 1340 1075 inquiebat¹),
1361 987 1527 1071 strepitus,
1546 987 1652 1052 audiri
1674 988 1772 1070 leges,
1792 988 1901 1050 minus

493 1102 676 1186 permittit:
699 1111 757 1166 aut
773 1103 850 1185 quia
871 1103 917 1167 sic
936 1103 1002 1167 sint
1024 1105 1176 1180 audaceS,
1194 1112 1231 1167 ut
1254 1101 1411 1185 quicquid
1434 1101 1468 1166 id
1491 1101 1535 1166 sit
1557 1101 1642 1180 iuris,
1658 1099 1770 1184 palam
1793 1100 1900 1164 uindi-

494 1233 569 1292 care
593 1214 693 1278 armis
717 1222 751 1278 et
774 1213 905 1292 uiribus,
936 1235 1002 1280 non
1027 1215 1231 1278 erubescant.
1285 1214 1485 1297 Antigonus,
1511 1232 1614 1294 quum
1641 1212 1670 1276 ei
1697 1211 1827 1276 libellus
1856 1212 1899 1276 de

492 1325 618 1390 iustitia
632 1347 653 1389 a
669 1325 871 1408 Philosopho
889 1328 1035 1410 quodam
1051 1327 1229 1404 offerretur,
1246 1327 1404 1392 stolidum
1419 1325 1512 1390 illum
1529 1345 1601 1390 esse
1618 1323 1786 1389 hominem
1803 1324 1899 1402 dixit,

492 1438 549 1519 qui
576 1437 647 1515 sibi,
671 1436 794 1502 alienas
820 1440 918 1502 urbes
944 1449 1016 1504 tum
1043 1440 1196 1516 uastanti,
1218 1438 1475 1523 disceptationes
1501 1439 1544 1502 de
1570 1437 1695 1502 iustitia
1716 1435 1898 1502 scriberet².

493 1549 540 1614 Et
556 1548 732 1632 Pompeius
752 1550 896 1632 Magnus
920 1549 1135 1628 Mamertinis,
1150 1549 1322 1633 priuilegia
1342 1551 1506 1632 quaedam
1525 1548 1791 1626 obtendentibus,
1806 1552 1899 1624 ‘non,

490 1657 691 1740 ‘desinetis’
707 1661 885 1745 respondit,
897 1661 1026 1745 ‘gladio
1045 1661 1139 1725 nobis
1156 1661 1311 1726 accinctis
1330 1660 1466 1725 laudare
1477 1660 1566 1744 leges
1576 1660 1589 1698 ³
1599 1658 1624 1723 ?’

535 1772 609 1838 Erit
624 1783 658 1838 et
672 1773 730 1838 illa
747 1774 897 1838 subtilior
911 1773 1100 1857 disputatio,
1115 1775 1205 1858 quod
1224 1772 1280 1857 qui
1303 1774 1346 1838 de
1368 1773 1437 1838 iure
1456 1773 1561 1838 isthoc
1584 1771 1724 1836 naturali
1746 1771 1896 1854 gentium

490 1885 621 1950 tradere
647 1885 831 1964 uoluenrnt,
855 1907 920 1950 non
946 1887 993 1952 illi
1020 1887 1155 1970 quidem
1179 1887 1325 1964 hebetes,
1348 1895 1405 1949 aut
1433 1885 1583 1967 improbi,
1606 1893 1642 1948 at
1670 1882 1896 1948 Iurisconsulti

489 1995 600 2076 nostri,
615 1997 648 2060 in
663 1995 809 2062 diuersas
827 2018 935 2081 saepe,
949 2007 1051 2081 atque
1073 1999 1252 2063 contrarias
1275 1997 1446 2081 opiniones
1463 1997 1624 2061 abierunt.
1669 1995 1739 2060 Adi
1762 1995 1896 2060 titulum

488 2128 600 2186 unum,
612 2117 714 2191 atque
724 2109 874 2188 alterum,
885 2110 955 2175 ‘De
965 2111 1171 2194 adquirendo
1183 2131 1291 2174 rerum
1304 2106 1469 2186 dominio,'
1481 2111 1537 2174 ‘de
1548 2107 1753 2191 adquirenda
1767 2129 1896 2191 posses-

489 2220 623 2298 ‘sione,’
635 2221 667 2284 in
680 2221 798 2305 quibus
813 2225 856 2288 de
871 2221 940 2287 iure
954 2223 1105 2306 gentium
1120 2223 1262 2288 traditur
1273 2223 1461 2306 plurimum,
1473 2231 1508 2287 et
1523 2221 1653 2286 notabis
1667 2219 1895 2300 dissensiones,

488 2351 572 2414 quas
587 2333 671 2398 dico.
708 2333 845 2398 Deiera
861 2334 1032 2399 uulnerata
1048 2334 1207 2399 Trebatio
1222 2334 1325 2412 aliter,
1341 2343 1375 2398 et
1390 2333 1462 2398 aliis
1478 2334 1573 2398 aliter
1588 2333 1695 2396 uisum
1711 2331 1809 2396 fuit⁴:
1834 2352 1894 2396 nec

489 2443 694 2525 legislatores
710 2447 919 2511 conueniunt.
950 2448 1040 2530 quod
1056 2467 1119 2529 ego
1134 2447 1241 2510 scribo
1257 2447 1291 2509 in
1306 2446 1413 2528 primo
1427 2445 1510 2508 libro
1526 2445 1582 2508 ‘de
1597 2444 1697 2508 armis
1713 2442 1894 2508 Romanis!

490 2554 544 2619 De
567 2576 601 2619 re
623 2576 667 2618 ex
689 2556 798 2621 aliena
822 2558 959 2622 materia
981 2557 1131 2623 coniecta
1157 2557 1381 2621 dissenserunt
1407 2565 1501 2620 totae
1525 2555 1658 2620 scholae
1667 2555 1690 2618 ⁶.
1736 2556 1783 2620 Et
1809 2576 1894 2637 quae

488 2667 599 2731 media
620 2668 784 2732 sententia
807 2670 946 2751 probata
962 2669 1090 2752 legibus
1109 2677 1167 2745 est,
1183 2667 1289 2752 ipsam
1306 2667 1488 2750 iniquitatis
1511 2668 1732 2731 condemnare
1753 2686 1818 2730 non
1843 2676 1894 2731 est

487 2778 610 2842 ueritus
629 2779 748 2844 nobilis
770 2789 888 2863 postea
903 2779 1196 2845 Iurisconsultus⁸r
1220 2779 1276 2862 qui
1299 2789 1333 2844 et
1352 2780 1430 2844 alibi
1449 2779 1580 2858 clamat,
1596 2799 1661 2844 non
1676 2798 1800 2860 aequas
1816 2778 1894 2843 sub-

485 2890 624 2954 tilitates
661 2900 811 2956 ueterum
840 2901 1022 2957 auctorum.
1082 2892 1129 2956 Et
1158 2891 1201 2955 de
1230 2891 1367 2974 pictura,
1395 2891 1577 2974 tabulaque
1606 2892 1696 2974 quod
1728 2901 1799 2955 erat
1829 2889 1893 2955 illis

485 3003 678 3066 conclusum
706 3003 871 3068 ueteribus
897 3004 987 3068 idem
1015 3003 1187 3069 ridiculum
1210 3003 1318 3067 uisum
1343 3013 1393 3068 est
1417 3003 1566 3086 posteat
1611 3001 1703 3088 Quid
1726 3003 1770 3066 de
1791 3002 1893 3066 serru-

487 3116 619 3182 minatis
652 3115 784 3183 dicam?
820 3127 854 3182 et
888 3120 1171 3201 quemadmodum
1202 3120 1245 3184 de
1276 3118 1327 3183 his
1360 3119 1610 3201 disputationes,
1641 3127 1742 3200 atque
1776 3117 1891 3182 defini-

484 3228 601 3308 tiones,
618 3228 701 3294 lalso
721 3230 820 3294 nixae
842 3230 1067 3309 fundamento,
1083 3233 1215 3315 ineptae
1237 3231 1338 3296 hodie
1356 3240 1538 3315 appareant
1548 3229 1569 3296 ⁸.
1619 3229 1656 3295 Si
1674 3249 1774 3312 supra
1797 3238 1891 3294 tuum

483 3340 644 3423 parietem
663 3340 789 3405 uicinus
807 3341 1043 3418 aedificauerit‚
1058 3341 1092 3406 id
1115 3342 1214 3406 uicini
1236 3363 1315 3416 esse,
1334 3340 1505 3407 Sabiniani
1526 3342 1774 3424 responderunt,
1795 3350 1890 3404 tuum

482 3454 673 3518 asserebant
700 3453 883 3518 Proculiani
892 3454 914 3519 ⁹.
960 3455 1051 3519 Num
1082 3464 1171 3520 certa
1197 3474 1258 3519 nec
1283 3454 1341 3518 illa
1366 3454 1428 3519 suit
1451 3453 1573 3538 regula,
1594 3463 1632 3518 ut
1654 3452 1726 3518 solo
1751 3452 1891 3530 cederet,

482 3566 572 3647 quod
596 3566 667 3631 solo
693 3565 886 3632 accederet?
942 3565 1015 3631 Aut
1041 3586 1108 3630 non
1134 3567 1167 3631 in
1192 3566 1263 3631 solo
1289 3566 1414 3630 sactum
1442 3565 1681 3631 existimabant
1708 3563 1890 3642 Sabiniani,

482 3678 573 3760 quod
596 3678 629 3740 in
651 3678 802 3743 aedificio
823 3679 947 3744 lactum
972 3677 1080 3743 esset?
1126 3678 1310 3743 Proculiani
1335 3678 1472 3761 quidem
1497 3686 1620 3752 contra,
1644 3686 1678 3741 et
1703 3677 1759 3760 qui
1785 3677 1890 3741 secuti

481 3797 568 3867 sunt,
584 3789 685 3853 etiam
705 3791 795 3872 quod
813 3791 847 3854 in
865 3791 1037 3855 arboribus
1054 3791 1179 3856 factum
1200 3791 1251 3868 sit,
1267 3790 1301 3854 in
1323 3789 1393 3855 solo
1408 3791 1533 3855 lactum
1551 3789 1746 3854 existimant
1755 3785 1790 3852 ¹⁰.
1837 3789 1890 3852 De

480 3900 607 3964 latente
636 3900 790 3965 thesauro
820 3903 921 3966 iidem
949 3900 1120 3967 Sabiniani
1150 3911 1265 3967 contra
1296 3903 1444 3979 Brutum,
1471 3911 1505 3966 et
1536 3901 1711 3966 Manilium
1742 3919 1886 3984 exposu-

482 4021 577 4076 erunt
587 4009 620 4076 ¹¹.
676 4013 722 4077 Et
750 4013 792 4078 de
815 4014 951 4079 inuento
973 4022 1025 4078 tot
1047 4013 1149 4078 ferme
1174 4014 1355 4079 extiterunt
1373 4014 1567 4090 sententiae,
1591 4023 1673 4096 quot
1692 4013 1811 4096 capita.
1852 4021 1888 4076 ut

454 4193 455 4196 ,
482 4123 515 4187 in
539 4122 775 4205 Disputatione
795 4101 869 4190 inea
888 4125 1018 4208 priuata
1041 4127 1084 4190 de
1106 4147 1146 4190 ea
1168 4146 1325 4192 renarro.
1371 4126 1589 4209 Impossibile,
1604 4135 1638 4190 et
1659 4134 1773 4190 contra
1792 4133 1887 4189 natu-

547 4341 556 4370 ¹
574 4339 631 4392 Val.
644 4341 711 4392 Max.
722 4341 767 4393 lib.
780 4356 804 4407 5.
815 4358 836 4394 c.
849 4358 877 4401 ²3
896 4343 951 4395 Plu.
963 4341 1056 4409 apopb.
1067 4358 1117 4408 reg.
1131 4345 1199 4407 (aon.
1214 4347 1265 4407 ao).
1373 4345 1384 4375 ¹
1403 4345 1468 4396 Plut.
1480 4345 1521 4396 De
1532 4345 1588 4395 sort.
1601 4343 1675 4394 Alex.
1689 4347 1758 4409 (330.
1771 4346 1823 4410 36).

480 4425 490 4456 ¹
506 4424 571 4475 Plut.
583 4425 654 4475 Pom.
666 4427 735 4489 (427.
745 4427 795 4489 ¹4)·
827 4426 837 4455 ⁴
853 4425 870 4477 L
877 4439 901 4490 5.
912 4427 954 4477 De
964 4441 1018 4491 aeq.
1030 4441 1076 4476 rer.
1088 4427 1156 4476 dom.
1168 4427 1214 4490 (D.
1222 4440 1263 4491 4¹·
1273 4428 1308 4491 1).
1342 4427 1352 4458 ⁸
1368 4428 1456 4492 [μὴ
1466 4429 1523 4493 adq.
1535 4443 1581 4478 rer.
1592 4427 1677 4490 dom.;
1694 4427 1712 4477 l.
1726 4441 1765 4491 30.
1775 4429 1807 4478 de
1817 4444 1887 4479 usuc.

479 4509 525 4575 (D.
534 4523 575 4575 4¹·
586 4509 621 4572 3).
680 4506 698 4537 '⁸
714 4507 796 4558 Conn.
807 4507 851 4562 lib.
863 4523 886 4573 3.
898 4525 962 4560 oom.
973 4509 1006 4559 iu.
1018 4524 1040 4558 c.
1053 4523 1075 4571 3.
1088 4522 1112 4571 5.
1124 4509 1156 4570 63
1173 4509 1217 4560 lib.
1231 4523 1267 4559 ro.
1279 4526 1300 4561 c.
1313 4509 1337 4560 6.
1404 4509 1414 4539 ¹
1431 4510 1449 4560 l.
1458 4525 1482 4577 9.
1490 4511 1521 4561 de
1533 4511 1590 4575 adq.
1603 4525 1651 4559 rer.
1662 4509 1729 4559 dom.
1737 4509 1784 4574 (D.
1791 4525 1832 4572 41.
1846 4511 1871 4573 1)

578 4589 696 4642 instita,
709 4603 731 4641 1.
853 4591 863 4621 ⁸
879 4591 935 4644 Alo
948 4592 971 4643 6.
983 4591 1082 4657 Parerg.
1096 4607 1117 4642 c.
1129 4589 1153 4641 6.
1275 4593 1285 4623 ⁹
1303 4592 1320 4643 l.
1334 4595 1372 4644 28.
1385 4593 1485 4658 deadq.
1497 4593 1621 4644 rendum.
1633 4593 1680 4658 (D.
1693 4607 1734 4657 4¹·
1749 4593 1784 4654 1).

542 4673 561 4706 ¹⁰
577 4674 595 4725 l.
608 4685 630 4739 7.
642 4675 666 4726 8.
678 4689 702 4742 9.
715 4687 753 4724 ιο.
768 4687 806 4724 11.
817 4675 884 4740 quod
895 4675 929 4726 ui.
941 4680 984 4726 aut
995 4675 1067 4726 clam.
1081 4675 1127 4739 (D.
1139 4689 1179 4740 4³·
1193 4675 1244 4738 24).
1378 4676 1396 4706 ¹¹
1413 4676 1430 4726 l.
1443 4691 1466 4740 3.
1477 4676 1509 4727 de
1520 4678 1577 4743 adq.
1590 4692 1656 4742 poss.
1669 4676 1715 4739 (D.
1727 4689 1767 4739 41.
1784 4677 1820 4738 a).
