4456 5566
447 662 490 744 48
934 672 1136 728 Arsame!
1165 671 1365 728 canrrrrs

450 915 655 981 Christianus
673 917 744 999 ipse
759 915 809 979 uir
831 915 992 999 imperare
1015 937 1145 1000 pagano
1169 915 1328 981 exercitui
1352 937 1417 980 non
1437 923 1558 999 posset.
1617 937 1695 980 nam
1711 915 1847 998 professi

449 1047 569 1091 nomen
589 1027 710 1093 Christi
729 1037 807 1092 sunt
826 1026 954 1101 milites,
971 1037 1004 1091 et
1022 1027 1169 1109 amplexi
1190 1026 1410 1091 Christianam
1430 1026 1640 1110 religionem:
1668 1034 1769 1109 atque
1788 1027 1848 1089 im-

450 1139 576 1221 perium
601 1138 772 1203 Iouiniano
794 1139 1010 1202 adfirmarunt
1020 1137 1040 1200 ¹.
1098 1138 1216 1202 Persae
1243 1137 1398 1202 Saraceni
1425 1146 1541 1202 contra
1566 1158 1633 1201 non
1660 1137 1849 1203 detulerunt

449 1250 622 1333 imperium
643 1250 677 1314 in
697 1271 733 1314 se
751 1250 877 1329 Turcis,
892 1251 971 1332 quin
991 1249 1025 1314 hi
1043 1249 1133 1331 prius
1151 1250 1193 1313 ad
1213 1248 1405 1333 religionem
1424 1267 1537 1312 eorum
1559 1268 1626 1312 non
1644 1249 1847 1326 accederent,

450 1371 486 1426 ut
501 1362 548 1426 ita
575 1361 655 1425 mihi
682 1361 793 1425 scribit
818 1360 1009 1444 Onuphrius
1036 1361 1210 1438 Patruinus,
1233 1360 1472 1424 eruditissimus
1495 1360 1564 1438 uir;
1598 1358 1772 1424 ‘Saraceni
1798 1359 1849 1424 his

450 1472 721 1538 ‘condicionibus
743 1473 870 1556 imperii
894 1492 1058 1536 summam
1082 1472 1199 1536 Turcis
1222 1471 1430 1554 reliquerunt,
1446 1479 1483 1535 ut
1507 1469 1693 1535 Mahumeti
1714 1481 1848 1550 sectam,

448 1583 587 1648 ‘relicta
603 1583 789 1649 idololatria
807 1584 1019 1667 susciperent,
1039 1583 1342 1665 Saracenorumque
1364 1582 1463 1646 sacris
1486 1581 1700 1646 initiarentur.
1759 1585 1849 1666 quod

450 1701 492 1761 ‘a
519 1705 620 1779 gente
643 1695 793 1770 barbara,
817 1703 851 1759 et
876 1695 1070 1760 dominandi
1094 1695 1284 1759 auidissima
1313 1693 1402 1758 haud
1432 1693 1609 1758 difficulter
1637 1694 1849 1778 impetratum

451 1805 567 1874 ‘est².'
613 1807 681 1874 Sed
700 1807 781 1872 haec
797 1827 860 1890 ego
879 1827 945 1870 non
961 1825 1116 1889 agnosco.
1162 1805 1208 1868 Et
1224 1806 1303 1869 illud
1322 1815 1404 1888 puto
1423 1805 1644 1884 memorabile,
1661 1809 1752 1889 quod
1770 1807 1851 1871 reci-

450 1927 501 1984 tat
521 1919 633 1998 Suida,
648 1919 792 2001 aliquem
813 1927 959 1983 mutasse
977 1918 1177 2000 religionem,
1194 1926 1230 1981 ut
1249 1918 1316 2001 regi
1334 1917 1498 2000 placeret:
1527 1926 1560 1982 et
1577 1939 1597 1982 a
1615 1937 1691 2002 rege
1712 1917 1849 2001 plexum

450 2031 560 2113 capite
583 2030 706 2109 statim,
724 2029 832 2113 elogio
854 2029 971 2094 addito
983 2051 991 2110 ;
1020 2028 1077 2093 ‘Si
1101 2028 1175 2092 Deo
1199 2027 1300 2093 fidem
1324 2049 1389 2092 non
1413 2029 1563 2107 seruasti,
1582 2032 1750 2111 quomodo
1772 2050 1850 2114 erga

452 2141 626 2206 ‘homines
644 2160 759 2206 sanam
782 2141 1017 2205 conscientiam
1042 2137 1234 2204 retineresi’
1280 2139 1355 2222 Ego
1375 2140 1497 2204 iustum
1521 2161 1586 2205 non
1610 2151 1700 2223 puto,
1715 2151 1751 2206 ut
1774 2142 1851 2205 sub-

451 2253 541 2318 ditus
563 2273 753 2336 supremum
776 2251 829 2316 hic
851 2260 949 2334 cogat
973 2252 1213 2334 magistratum.
1259 2252 1351 2316 Deus
1373 2261 1484 2334 potest
1503 2273 1638 2336 cogere:
1662 2253 1718 2336 qui
1737 2271 1851 2336 supre-

452 2385 525 2430 mus
548 2373 708 2448 superest.
762 2363 882 2446 Neque
906 2383 1020 2428 uemm
1045 2373 1104 2442 est,
1125 2363 1243 2446 ‘plecti
1268 2362 1429 2447 populum
1454 2372 1588 2447 propter
1610 2363 1690 2428 haec
1715 2373 1850 2447 peccata

449 2479 459 2510 ‘
475 2496 599 2559 regum,
612 2477 670 2540 sed
686 2483 822 2559 propter
836 2470 916 2539 sua!
962 2475 1008 2540 Et
1023 2475 1068 2538 sic
1084 2494 1176 2538 sacra
1191 2475 1308 2550 Biblia,
1325 2475 1395 2538 ‘Eo
1410 2476 1500 2558 quod
1517 2475 1723 2558 reliquissent
1739 2477 1850 2541 Deum

450 2589 636 2651 ‘maiorum
656 2583 810 2662 suorum,'
829 2588 871 2650 de
882 2587 955 2668 ipso
970 2585 1063 2650 aiunt
1077 2586 1200 2650 afflicto
1215 2585 1346 2668 popul0,
1363 2597 1540 2670 postquam
1560 2588 1602 2652 de
1617 2588 1755 2653 Achazo
1774 2609 1850 2672 rege

451 2699 540 2762 idem
559 2697 732 2762 dixissent.
779 2697 824 2762 Et
843 2697 1075 2774 Tertullianus,
1091 2719 1190 2781 quem
1210 2718 1337 2780 sequor,
1354 2719 1414 2763 nec
1434 2700 1562 2781 probat,
1577 2700 1692 2765 obsisti
1713 2701 1850 2785 principi
1940 2737 1943 2746 ·

450 2811 675 2892 statuentique
693 2810 736 2874 de
755 2809 912 2892 religione
930 2809 1077 2888 subditis,
1094 2811 1181 2885 audi,
1200 2810 1272 2873 ‘cui
1290 2809 1380 2874 bello
1398 2831 1465 2876 non
1484 2811 1603 2891 idonei,
1622 2833 1687 2876 non
1706 2813 1850 2896 prompti

452 2919 649 2986 ‘fuissemus
671 2920 772 2984 etiam
795 2920 937 3002 impares
959 2920 1070 3004 copiis,
1089 2922 1145 3004 qui
1168 2931 1238 2986 tarn
1263 2920 1403 2987 libenter
1425 2922 1648 3008 trucidamur?
1703 2923 1772 2989 Sed
1794 2926 1851 2990 de-

450 3036 562 3098 ‘esset
580 3032 675 3096 nobis
690 3031 740 3095 uis
758 3051 977 3110 numerorum,
995 3042 1028 3096 et
1046 3031 1236 3116 copiarum?
1282 3033 1351 3099 Sed
1367 3034 1462 3114 absit,
1479 3046 1515 3100 ut
1531 3035 1598 3117 igni
1619 3035 1765 3101 humano
1781 3037 1851 3100 uin·

451 3148 460 3178 ‘
475 3144 602 3209 dicetur
617 3144 729 3208 diuina
743 3152 833 3208 secta
843 3142 874 3208 ³!
920 3144 973 3207 De
988 3164 1055 3227 quo
1071 3154 1104 3208 et
1121 3144 1307 3228 Cyprianus
1327 3145 1445 3225 hausit,
1460 3147 1641 3230 discipulus
1655 3149 1850 3213 Tertulliani

451 3256 709 3321 studiosissimus
739 3264 773 3322 et
802 3257 952 3320 assiduus
982 3255 1085 3320 lector
1094 3254 1118 3316 ⁴.
1164 3256 1209 3320 Et
1239 3257 1326 3322 hunc
1353 3258 1439 3336 audi,
1463 3259 1645 3342 ‘Quamuis
1671 3261 1791 3325 nimius
1818 3239 1851 3325 et

452 3369 628 3451 ‘copiosus
658 3375 769 3432 noster
799 3367 949 3450 populus,
971 3387 1037 3432 non
1068 3377 1180 3432 tamen
1207 3369 1365 3434 aduersus
1391 3369 1582 3434 uiolentiam
1613 3393 1648 3436 se
1675 3373 1850 3449 ulciscitur,

451 3480 618 3562 ‘patitur,’
634 3479 709 3544 etc.⁵
754 3479 827 3544 Nec
844 3488 921 3544 sunt
944 3489 1044 3562 aptae
1064 3500 1224 3563 personae
1244 3481 1451 3545 subditorum
1473 3482 1535 3547 hic.
1579 3482 1697 3566 Atque
1715 3486 1757 3550 de
1776 3505 1852 3550 uere

451 3592 591 3656 subditis
620 3590 724 3675 accipi
755 3589 982 3656 definitionem
1012 3592 1186 3667 admoneo,
1204 3613 1269 3656 non
1300 3593 1342 3657 de
1371 3591 1423 3657 his
1453 3595 1509 3676 qui
1536 3594 1717 3679 principem
1745 3598 1852 3662 omnis

451 3703 626 3784 potestatis
656 3723 722 3766 non
752 3702 886 3767 habent.
931 3712 968 3768 ut
996 3703 1234 3786 Imperatorem
1262 3703 1419 3768 Germani
1446 3705 1493 3769 ita
1520 3723 1584 3770 non
1608 3707 1741 3773 habent.
1786 3728 1852 3773 non

452 3811 608 3896 Spartani
631 3814 711 3878 olim
733 3813 918 3879 habuerunt
941 3836 1035 3898 reges
1058 3835 1143 3879 suos
1188 3836 1254 3879 non
1278 3835 1372 3898 reges
1394 3837 1471 3880 suos
1489 3819 1694 3901 temporibus
1713 3821 1852 3885 uetustis

452 3921 615 4005 Aegyptii
625 3924 645 3988 ⁶.
692 3924 746 3987 De
766 3926 902 4006 priuatis
923 3945 1054 4008 prorsus
1074 3926 1263 3990 hominibus
1283 3927 1431 3992 definitio
1450 3937 1519 3994 cst:
1542 3930 1597 4012 qui
1622 3930 1702 3994 nihil
1724 3951 1759 3996 re
1781 3933 1853 4014 ipsa

452 4033 595 4097 retinent
617 4033 746 4115 publici.
793 4035 884 4098 Nihil
908 4046 958 4100 est
981 4038 1069 4101 enim
1093 4037 1232 4102 retinere
1254 4047 1386 4103 tantum
1409 4041 1543 4104 nomine
1565 4050 1672 4106 tenus.
1718 4052 1754 4107 ut
1778 4043 1853 4106 reti·

452 4153 533 4209 nent
559 4145 681 4210 scilicet
708 4145 859 4211 ciuitates
884 4168 1009 4227 omnes,
1027 4159 1061 4213 et
1083 4147 1246 4213 honorarii
1271 4150 1365 4215 multi
1390 4153 1517 4232 alicubi,
1537 4154 1638 4218 ueluti
1662 4154 1694 4218 in
1718 4153 1852 4237 Anglia,

496 4419 504 4449 ¹
521 4419 595 4478 Zon;
607 4419 693 4480 Cana
705 4419 770 4472 Call.
786 4434 823 4470 ro.
834 4421 891 4470 hist.
904 4423 943 4484 3⁸·
1115 4422 1125 4450 ¹
1145 4423 1231 4474 Penni.
1241 4423 1271 4473 de
1284 4423 1349 4489 Imp.
1362 4425 1409 4475 Ro.
1571 4429 1581 4456 ³
1597 4428 1665 4478 Tert.
1682 4428 1758 4494 Apol.
1770 4437 1809 4491 37.

613 4502 623 4533 ¹
641 4502 712 4553 Hier.
724 4503 755 4553 de
765 4503 855 4568 Script.
868 4504 912 4554 Ec.
925 4504 994 4554 Tert.
1111 4505 1121 4534 ¹
1137 4506 1212 4570 Cypr.
1224 4506 1255 4556 ed
1268 4506 1381 4557 Demetr.
1494 4508 1504 4538 ⁸
1520 4509 1597 4560 Diod.
1610 4509 1654 4560 lib.
1670 4525 1691 4558 a.

1454 4657 1850 4674 —-—-———-—-
