4456 5566
459 675 502 762 38
945 681 1148 738 ALBERICI
1177 681 1378 737 GENTILIS

463 926 575 992 Etiam
592 925 846 992 Lacedaemonii
862 927 947 990 inter
961 926 1042 990 alias
1058 946 1187 990 caussas
1203 936 1317 991 contra
1331 924 1563 1005 Athenienses,
1580 925 1669 1010 quod
1686 925 1862 991 uiolatores

462 1039 655 1123 religionum
678 1037 821 1103 Athenis
843 1049 953 1102 essent
963 1035 984 1101 ¹.
1030 1037 1076 1102 Et
1101 1036 1326 1103 Athenienses
1349 1059 1392 1102 ex
1415 1039 1565 1117 aduerso,
1584 1038 1673 1120 quod
1693 1037 1861 1101 Lacedae-

462 1150 563 1215 monii
593 1151 729 1216 eductos
758 1151 801 1214 de
830 1148 964 1232 templis
994 1147 1160 1232 supplices
1189 1150 1423 1214 obtruncarint.
1471 1149 1556 1214 Cum
1586 1149 1620 1212 id
1650 1169 1754 1232 genus
1780 1147 1861 1214 aliis.

462 1261 551 1327 Sane
573 1270 685 1326 tamen
708 1262 974 1324 auarissimorum
997 1260 1147 1324 instituta
1165 1261 1228 1324 ista
1250 1261 1411 1340 dicuntur,
1431 1270 1465 1324 et
1488 1261 1709 1344 improbitatis
1734 1261 1862 1342 integu-

462 1383 575 1437 menta
583 1371 605 1437 ².
651 1372 724 1437 Nec
739 1372 841 1436 ullam
857 1393 929 1436 esse
948 1371 1138 1454 religionem
1156 1380 1226 1434 tam
1245 1370 1413 1448 nefariam,
1427 1393 1513 1454 quae
1531 1372 1642 1436 iubeat
1660 1372 1693 1434 in
1711 1370 1862 1436 homines

460 1485 611 1549 diuersae
633 1483 797 1566 religionis
818 1485 968 1567 grassari.
1016 1483 1243 1546 Ferdinandus
1266 1502 1333 1562 rex,
1355 1485 1412 1565 qui
1435 1483 1615 1549 catholicus
1638 1483 1725 1561 cluit,
1747 1503 1863 1547 omnes

460 1596 528 1661 fere
550 1617 625 1660 suas
648 1595 846 1678 cupiditates
864 1595 910 1659 sic
929 1594 1083 1659 obtexuit
1105 1594 1244 1659 honesto
1269 1595 1433 1678 religionis
1456 1595 1652 1660 uelamento.
1699 1594 1747 1659 Ut
1770 1603 1864 1658 notat

462 1707 710 1773 Guicciardinus
719 1707 742 1770 ³.
789 1707 834 1771 Et
858 1706 995 1771 Carolus
1016 1707 1202 1788 imperator,
1222 1707 1421 1771 Ferdinandi
1444 1727 1557 1790 nepos,
1578 1726 1644 1770 non
1666 1706 1732 1770 alio
1754 1705 1864 1770 colore

461 1819 659 1901 cupiditates
675 1819 832 1901 regnandi
848 1839 923 1882 suas
939 1817 1157 1883 adumbrauit.
1204 1817 1253 1882 Ut
1270 1819 1382 1882 Ionius
1398 1818 1527 1901 scripsit
1537 1817 1559 1882 ⁴.

504 1932 615 1995 Nemo
633 1940 744 1994 autem
763 1929 816 1994 hic
834 1930 967 1994 obiiciat
984 1929 1065 1992 mihi
1086 1929 1302 1993 Iustinianum
1325 1939 1494 1994 nostrum:
1525 1929 1580 2012 qui
1604 1939 1713 1994 narrat
1735 1929 1863 2007 alicubi,

461 2040 551 2105 bella
564 2062 585 2104 a
600 2062 636 2104 se
653 2050 805 2124 suscepta
823 2041 866 2105 ob
885 2040 969 2105 hanc
986 2059 1116 2104 causam
1134 2039 1299 2122 religionis
1310 2039 1331 2101 ⁶.
1378 2041 1487 2104 Nemo
1504 2040 1665 2123 Pipinum,
1681 2041 1737 2122 qui
1752 2041 1863 2104 omnia

461 2151 546 2235 pie†
562 2152 781 2235 magistratus,
804 2172 888 2234 quae
911 2151 1102 2234 ingratiam
1125 2161 1238 2232 ageret
1261 2150 1380 2234 Papae,
1401 2152 1590 2234 urebatque,
1613 2151 1832 2234 uastabatque
1841 2151 1862 2215 ⁶.

462 2262 572 2327 Nemo
587 2262 678 2327 alios.
724 2261 848 2327 ‘Suum
864 2263 1003 2346 quisque
1017 2262 1141 2327 bellum
1161 2282 1289 2326 sacrum
1305 2263 1481 2345 praedicat.
1504 2262 1617 2326 hostes
1632 2263 1771 2347 quisque
1786 2284 1862 2327 suos

462 2373 604 2456 ‘impios
626 2375 766 2439 dictitat.
794 2395 888 2438 suam
906 2375 1045 2458 quisque
1063 2394 1214 2438 caussam
1232 2383 1380 2438 sanctam
1400 2373 1560 2439 nominat.
1590 2375 1623 2437 in
1640 2394 1697 2438 ore
1715 2375 1862 2439 omnium

460 2487 643 2563 ‘sanctum
667 2485 823 2568 piumque
845 2495 1002 2550 uersatur.
1036 2484 1183 2562 consilio,
1209 2493 1339 2563 conatu,
1361 2485 1472 2548 animo
1499 2504 1592 2549 secus
1615 2485 1763 2550 efficitur.
1809 2487 1862 2551 De

462 2599 471 2626 ‘
486 2595 673 2660 mortalium
686 2597 754 2660 iure
766 2616 816 2660 res
828 2605 886 2662 est
920 2596 972 2661 Ea
983 2595 1206 2661 controuersia
1220 2594 1365 2674 tollatur,
1376 2595 1465 2660 nulla
1482 2595 1542 2660 erit
1557 2615 1722 2660 armorum
1739 2617 1862 2662 caussa.

461 2708 469 2737 ‘
485 2704 583 2770 Nunc
598 2706 677 2771 nulli
693 2707 817 2771 nefario
832 2706 946 2772 sceleri
962 2727 1028 2770 non
1041 2706 1266 2790 praetenditur
1278 2726 1399 2770 nomen
1415 2707 1557 2788 pietatis.
1589 2707 1710 2773 Sacrae
1726 2708 1863 2774 militiae

461 2821 607 2882 ‘nomen
622 2818 664 2883 ad
680 2817 763 2882 haec
781 2817 889 2898 arma,’
905 2817 1024 2900 quibus
1039 2819 1162 2901 petitur
1178 2838 1236 2882 rex
1253 2817 1495 2901 Neapolitanus
1510 2839 1531 2882 a
1547 2818 1655 2901 Papa‚'
1678 2817 1863 2905 (miserum)

460 2935 468 2964 ‘
486 2929 601 2993 recidit
611 2925 645 2990 ⁷.'
690 2929 808 3009 Multa,
827 2939 861 2994 et
883 2951 982 3013 saepe
1004 2930 1050 2994 sic
1073 2931 1211 3011 scriptor
1234 2930 1411 2993 maximus.
1458 2930 1569 2994 Etiam
1587 2931 1759 2994 Iustiniani
1775 2931 1862 2996 facta

461 3039 592 3105 suerunt
622 3041 665 3104 ad
695 3061 772 3104 suos
802 3040 1028 3105 defendendos
1052 3049 1111 3106 aut
1135 3062 1155 3105 a
1183 3041 1289 3105 Persis
1319 3039 1508 3119 idololatris,
1532 3049 1591 3105 aut
1620 3043 1663 3104 ab
1689 3041 1861 3108 haereticis

461 3150 589 3229 Gothis,
599 3150 814 3216 Vandilisue:
838 3151 894 3234 qui
910 3151 962 3216 uel
978 3161 1181 3234 occuparunt
1195 3154 1238 3217 de
1253 3151 1390 3234 imperio
1407 3151 1580 3216 Romano:
1604 3152 1657 3216 uel
1676 3153 1709 3215 in
1725 3153 1862 3237 imperio

459 3260 605 3344 affligere
623 3262 773 3327 subditos
797 3262 970 3326 Iustiniani
993 3261 1160 3328 uolebant.
1206 3263 1320 3328 Etiam
1339 3262 1381 3327 ad
1401 3262 1628 3327 defendendos
1647 3262 1861 3342 Christianos,

460 3371 629 3438 Persaram
645 3373 803 3452 subditos,
820 3383 854 3438 et
871 3394 892 3436 a
910 3373 1017 3438 Persis
1035 3383 1170 3457 propter
1188 3372 1379 3456 religionem
1398 3381 1557 3438 tractatos
1573 3374 1668 3451 male,
1686 3376 1712 3438 si
1731 3375 1861 3440 Iustini-

459 3484 513 3547 ani
531 3493 609 3549 sunt
632 3483 728 3560 facta,
748 3484 823 3548 dico
842 3485 912 3562 tibi,
928 3485 1070 3551 docente
1086 3485 1296 3558 Couarruuia‚
1314 3485 1415 3548 iustas
1431 3483 1490 3550 has
1509 3505 1641 3550 caussas
1656 3485 1759 3551 esse⁸.
1806 3486 1861 3552 Sic

459 3603 493 3658 et
508 3594 596 3658 bella
611 3595 821 3674 Francorum,
837 3605 870 3660 et
888 3595 1027 3661 aliorum
1047 3595 1201 3680 Europae
1218 3596 1417 3680 probantur:
1442 3616 1527 3677 quae
1546 3606 1687 3661 uexatos
1704 3618 1725 3661 a
1743 3598 1861 3662 Turris

459 3704 678 3784 subleuarent,
694 3715 727 3769 et
745 3705 866 3770 Christi
883 3707 1015 3772 iniurias
1031 3707 1271 3772 ulciscerentur.
1318 3706 1386 3772 Sed
1404 3707 1487 3771 haec
1506 3706 1572 3770 alia
1587 3709 1737 3790 quaestio
1753 3718 1803 3774 est
1819 3710 1861 3774 de

459 3813 657 3894 defensione,
670 3837 769 3898 quam
785 3827 901 3898 postea
918 3818 1126 3883 examinabo.
1158 3819 1256 3882 Nunc
1272 3816 1328 3881 illa
1344 3830 1403 3893 est,
1416 3819 1443 3881 si
1459 3839 1525 3882 uno
1542 3818 1707 3901 religionis
1722 3821 1861 3884 obtentu

460 3923 584 3987 bellum
607 3925 715 3988 inferri
738 3928 853 4009 possit.
899 3926 944 3992 Et
963 3927 1026 3992 hoc
1051 3949 1144 4011 neg0,
1168 3937 1201 3992 et
1219 3929 1308 3992 addo
1331 3929 1513 3993 rationem:
1536 3930 1613 4011 quia
1630 3930 1796 4012 religionis
1811 3929 1861 3993 ius

459 4032 646 4098 hominibus
662 4056 737 4100 curn
752 4036 940 4100 hominibus
956 4040 1086 4121 proprie
1101 4059 1166 4102 non
1183 4049 1251 4104 est:
1268 4039 1381 4122 itaque
1396 4060 1456 4104 nec
1472 4040 1521 4104 ius
1537 4039 1678 4104 laeditur
1688 4040 1860 4106 hominum

459 4143 503 4206 ob
519 4143 682 4208 diuersam
698 4146 909 4228 religionem:
932 4149 1044 4231 itaque
1059 4169 1119 4213 nec
1133 4148 1258 4213 bellum
1274 4170 1389 4214 caussa
1406 4150 1581 4232 religionis.
1628 4151 1760 4234 Religio
1782 4171 1860 4234 erga

526 4392 630 4444 ¹rnuc.
642 4393 686 4443 nb.
700 4407 721 4445 1.
733 4411 755 4445 c.
770 4393 824 4444 126.
939 4397 1013 4448 ’ua
1026 4398 1072 4449 co.
1084 4397 1128 4449 ns.
1143 4411 1163 4449 1.
1284 4377 1542 4450 muranum
1608 4399 1796 4462 ⁴10u.1n.30.

474 4474 620 4540 ΙΝοιηῦ.
704 4477 1023 4543 ·P.Aem.1lb.2.e.32.
1101 4479 1345 4544 τΡ.Αειιι.6.7.8.
1428 4482 1548 4534 'Conna
1560 4483 1622 4549 Reg.
1636 4484 1691 4532 Pec
1703 4497 1728 4547 p.
1743 4487 1845 4542 atro.
