4604 5562
753 689 813 741 DE
843 691 945 743 IURE
974 692 1106 760 BELLJ,
1137 693 1263 758 LIB.I‚
1296 692 1384 745 CAP.
1408 693 1489 748 XVI.
1778 699 1818 768 73

426 947 484 1008 ego
508 949 586 992 uero
609 931 707 994 redeo
729 932 772 994 ad
795 933 1033 1015 quaestionem.
1078 932 1225 997 Tuemur
1244 943 1276 996 et
1296 935 1433 997 iniustos
1452 933 1536 997 filios
1560 935 1644 997 iuste
1661 935 1818 999 aduersus

425 1040 594 1103 saeuitiam
626 1043 736 1123 patris,
770 1051 803 1106 et
836 1063 947 1106 seruos
985 1045 1149 1107 aduersus·
1174 1045 1346 1108 saeuitiam
1383 1045 1602 1123 dominorum,
1635 1047 1819 1128 damusque

425 1148 630 1216 laudabiliter
652 1173 796 1235 operam,
822 1173 863 1217 ne
887 1175 946 1236 per
970 1153 1110 1218 furorem
1137 1152 1203 1238 (hic
1230 1156 1355 1218 bellum
1381 1152 1446 1242 est)
1473 1158 1685 1237 quantumuis
1715 1157 1817 1238 iniqui

425 1264 630 1347 castigentur,
649 1274 683 1328 et
701 1265 878 1347 puniantur
888 1264 909 1343 ¹,
928 1287 1004 1328 narn
1023 1265 1118 1344 furor,
1138 1266 1271 1344 bellum,
1291 1287 1357 1329 non
1380 1265 1482 1329 habet
1506 1266 1651 1331 modum.
1698 1268 1743 1330 Et
1761 1269 1818 1350 qui

422 1375 632 1452 humanitate,
657 1374 710 1438 uel
735 1376 956 1440 misericordia
982 1377 1108 1454 ductus,
1132 1378 1184 1440 uel
1210 1376 1275 1440 alia
1300 1377 1485 1459 adprobata
1511 1396 1550 1439 ac
1578 1378 1663 1440 iusta
1690 1379 1818 1442 ratione

422 1505 549 1548 seruum
576 1485 719 1548 alienum
744 1487 876 1569 recepit,
901 1487 929 1549 is
956 1487 1064 1551 edicto
1088 1488 1130 1550 de
1152 1507 1247 1550 seruo
1274 1497 1428 1569 corrupto
1455 1507 1522 1549 non
1546 1495 1684 1551 tenetur.
1715 1497 1818 1569 atque

423 1597 491 1678 ipsa
517 1597 697 1679 receptatio
724 1597 767 1661 de
794 1608 910 1662 natura
937 1599 1013 1662 boni
1041 1609 1198 1677 censetur,
1227 1609 1279 1662 etc
1289 1597 1310 1662 ².
1356 1597 1468 1661 Etiam
1494 1597 1548 1660 ille
1574 1599 1735 1676 laudatur,
1761 1600 1817 1681 qui

422 1709 520 1771 iratus
544 1708 653 1785 seruis,
680 1707 741 1771 hos
767 1707 861 1771 alteri
887 1709 1076 1772 multandos
1090 1709 1260 1786 tradebat,
1281 1708 1343 1772 hoc
1367 1708 1483 1771 addito
1506 1708 1624 1790 elogio,
1646 1711 1723 1791 quia
1746 1711 1817 1791 ipse

423 1819 520 1882 iratus
539 1829 625 1882 esset
635 1818 659 1881 ³.
703 1818 818 1901 Atque
841 1820 925 1883 adeo
947 1820 1053 1883 bonus
1076 1820 1165 1884 uolet
1188 1821 1347 1902 princeps
1367 1819 1451 1882 irato
1470 1819 1531 1884 sibi
1550 1819 1630 1900 eripi
1649 1821 1816 1884 saeuiendi

422 1930 453 1992 in
479 1951 555 1993 suos
580 1930 754 2008 licentiam,
779 1932 872 2012 quasi
898 1939 993 2012 pater
1018 1931 1131 2008 bonus,
1159 1932 1252 2012 quasi
1277 1931 1430 1994 dominus
1458 1931 1573 1994 bonus.
1606 1931 1817 2014 censebitque

422 2060 557 2122 semper,
573 2060 639 2103 non
662 2060 762 2122 regna
787 2062 858 2104 esse
881 2051 1016 2123 propter
1034 2061 1135 2123 reges,
1152 2042 1210 2105 sed
1229 2062 1322 2124 reges
1341 2051 1477 2124 propter
1494 2062 1595 2123 regna
1614 2042 1719 2106 factos
1737 2063 1817 2121 esse,

422 2152 508 2233 quod
533 2171 646 2214 uerum
673 2160 731 2215 est.
779 2151 889 2215 Etiam
914 2152 1119 2215 Platonicum
1142 2151 1194 2214 hic
1217 2150 1315 2230 ualet,
1339 2153 1460 2215 debere
1483 2172 1543 2216 nos
1567 2153 1746 2218 Rhetorica
1768 2155 1822 2218 uti.

422 2262 566 2324 maxime
589 2262 633 2325 ad
659 2263 861 2326 accusandos
887 2264 1030 2339 amicos:
1061 2263 1179 2344 quibus
1201 2262 1365 2345 optimum
1389 2263 1435 2326 sic
1459 2261 1579 2326 retrahi
1604 2263 1700 2328 uela
1722 2264 1817 2328 malis

422 2370 543 2435 futuris.
587 2371 704 2453 Atque
721 2373 768 2436 ita
787 2371 867 2436 mihi
885 2373 1023 2451 uidetur,
1041 2371 1201 2436 auxilium
1221 2372 1326 2436 afferri
1345 2393 1442 2455 posse
1461 2373 1590 2438 iniustis
1608 2374 1723 2438 alienis
1741 2376 1816 2440 sub·

422 2481 505 2560 ditis,
519 2480 596 2547 huic
614 2491 725 2546 tamen
745 2482 802 2546 fini
821 2492 959 2561 tantum,
977 2483 1133 2548 saeuitiae
1152 2483 1427 2546 immoderatioris
1442 2493 1476 2547 et
1495 2505 1621 2566 poenae
1640 2486 1817 2550 inclemen-

422 2591 509 2655 tioris
532 2592 757 2674 depellendae.
788 2603 963 2676 postquam
987 2615 1047 2658 nec
1069 2592 1284 2658 inhumanum
1304 2604 1362 2671 est,
1384 2594 1437 2657 uel
1455 2595 1506 2658 his
1529 2595 1635 2659 iacere
1657 2598 1742 2661 bene
1759 2597 1818 2680 qui

422 2700 626 2785 deliquerunt
636 2702 657 2766 ⁴.
705 2702 772 2768 Sed
791 2704 896 2767 ausim
915 2713 1027 2768 tamen
1045 2705 1227 2779 adfirmare,
1244 2704 1417 2768 honestam
1432 2706 1519 2769 hanc
1536 2727 1684 2770 caussam
1701 2708 1815 2772 auxilii

421 2809 542 2876 ferendi
567 2813 625 2876 uix
651 2834 808 2896 umquam
834 2823 929 2892 stare,
953 2815 1032 2896 quin
1059 2823 1092 2880 et
1119 2815 1324 2879 necessitatis
1354 2825 1388 2880 et
1415 2817 1565 2880 utilitatis
1589 2817 1653 2881 alia
1679 2819 1815 2882 obtendi

422 2932 569 3005 nequeat,
592 2935 625 2989 et
646 2946 723 2988 uero
746 2927 884 3003 ostendi,
905 2935 941 2988 ut
964 2936 1061 2990 antea
1084 2947 1214 3009 quoque
1237 2928 1363 2992 dictum
1389 2935 1447 2992 est.
1494 2928 1590 3007 Ecce,
1605 2951 1692 3012 quae
1715 2931 1815 2994 modo

422 3035 565 3100 maxima
588 3045 639 3100 est
661 3038 819 3119 quaestio,
834 3038 860 3100 si
878 3035 982 3119 Angli
1000 3037 1124 3101 auxilia
1143 3037 1253 3120 Belgis
1276 3047 1390 3102 contra
1411 3038 1600 3120 Hispanum
1619 3042 1704 3106 iuste
1725 3051 1815 3105 attu-

421 3144 535 3212 lerint:
558 3149 659 3213 etiam
678 3149 704 3212 si
723 3149 843 3212 iniusta
861 3147 1038 3232 Belgarum
1058 3159 1143 3214 esset
1162 3169 1294 3214 caussa:
1319 3159 1352 3213 et
1368 3150 1492 3234 Belgae
1508 3161 1616 3216 essent
1633 3153 1813 3216 etiamnum

422 3255 570 3340 Hispano
600 3260 733 3323 subditi.
777 3261 867 3342 quod
898 3269 1073 3341 utrumque
1106 3259 1225 3326 salsum
1258 3270 1410 3325 censetur
1440 3270 1561 3326 tamen.
1624 3263 1814 3342 Dicebatur,

421 3369 662 3450 suscipiendum
680 3369 804 3434 bellum
828 3391 887 3452 per
908 3371 1006 3434 istam
1029 3372 1242 3446 occasionem,
1267 3381 1303 3434 ut
1326 3372 1373 3434 ita
1395 3369 1572 3436 haberetur
1594 3372 1636 3435 ab
1661 3373 1813 3455 Hispano

420 3478 506 3543 bona
535 3501 624 3562 pax:
656 3503 741 3564 quae
771 3480 864 3545 aliter
891 3481 1004 3546 haberi
1034 3502 1101 3545 non
1132 3482 1279 3565 potuisse
1306 3483 1490 3546 uidebatur.
1536 3482 1582 3546 Et
1608 3483 1742 3565 quidem
1767 3486 1815 3550 sic

420 3592 592 3673 suscipitur
622 3592 746 3656 bellum
779 3594 872 3658 iuste.
909 3594 999 3675 quod
1029 3593 1131 3657 nostri
1162 3594 1298 3657 tradunt
1308 3592 1330 3654 ⁵.
1385 3591 1431 3655 Et
1464 3593 1706 3674 sapientissima
1735 3595 1814 3662 lacit

420 3701 500 3765 ratio
517 3703 740 3782 medicorum;
764 3714 801 3767 ut
819 3705 846 3766 si
864 3702 963 3768 febris
980 3704 1091 3785 aliqua
1108 3703 1199 3767 lenta
1216 3703 1267 3780 sit,
1282 3723 1367 3785 quae
1389 3723 1508 3785 corpus
1526 3712 1646 3782 teneat,
1662 3726 1813 3789 quaeque

420 3811 497 3876 nulli
520 3813 617 3878 cedat
639 3816 794 3894 remedi0,
809 3826 881 3879 tum
904 3817 1082 3879 mutandus
1099 3815 1141 3878 sit
1160 3815 1303 3892 morbuS,
1322 3814 1421 3877 etiam
1444 3816 1616 3896 augendus
1639 3817 1813 3897 interdum,

421 3930 453 3984 et
480 3923 727 3989 accendendus:
763 3926 840 4007 quia
869 3927 1080 4003 curationem,
1107 3925 1161 3988 ubi
1192 3925 1225 3989 id
1256 3925 1346 4008 quod
1380 3935 1431 3989 est
1458 3946 1523 3989 non
1550 3928 1673 4010 recipit,
1702 3937 1813 4010 potest

420 4032 559 4114 recipere
588 4035 621 4098 id
647 4036 737 4118 quod
766 4036 911 4100 futurum
938 4045 988 4100 est
998 4037 1019 4100 ⁶.
1066 4035 1134 4101 Sed
1161 4045 1194 4100 et
1224 4037 1348 4119 absque
1375 4035 1463 4100 malo
1491 4035 1550 4100 illo
1576 4037 1697 4103 infidae
1723 4040 1813 4122 pacis

420 4143 536 4226 suscipi
552 4144 676 4208 bellum
691 4148 807 4228 potuit.
855 4146 904 4211 Ut
920 4147 1097 4210 multarum
1113 4147 1390 4212 necessitudinum
1407 4146 1537 4212 uincula
1553 4149 1637 4212 inter
1651 4148 1812 4232 Angliam

420 4261 492 4316 sunt
518 4263 551 4318 et
579 4255 750 4338 Belgium:
786 4266 881 4321 uetus
906 4258 1050 4322 amicitia
1074 4278 1149 4322 cum
1177 4258 1314 4324 ducibus
1341 4259 1575 4341 Burgundiae:
1609 4259 1812 4326 familiaritas

420 4437 496 4492 ¹Leo.
508 4441 574 4492 Nou.
590 4455 643 4506 ¹05·
679 4439 716 4492 ²1.
729 4456 752 4506 5,
763 4444 818 4498 Bal.
830 4445 848 4494 l.
861 4459 885 4508 4.
897 4446 925 4496 C.
937 4446 969 4496 de
980 4462 1027 4496 ser.
1040 4462 1091 4497 oor.
1104 4447 1139 4510 (6.
1154 4447 1188 4509 2).
1221 4447 1230 4476 ³
1243 4446 1307 4496 Plut.
1319 4447 1351 4497 de
1362 4447 1418 4496 Lib.
1430 4448 1509 4496 Educ.
1522 4464 1544 4498 c.
1556 4463 1586 4511 14
1593 4465 1601 4510 ;
1619 4449 1722 4500 Hieron.
1735 4465 1774 4514 ep.
1788 4466 1812 4515 9.

561 4525 570 4554 ⁴
586 4524 658 4576 Alex.
668 4526 686 4577 1.
701 4539 740 4576 ao.
752 4525 798 4577 sol.
809 4541 858 4578 ma.
873 4527 918 4591 (D.
933 4542 969 4592 24.
983 4530 1016 4591 3).
1248 4528 1258 4558 ³
1274 4529 1354 4581 Castr.
1365 4529 1383 4579 l.
1396 4543 1418 4592 5.
1430 4530 1461 4578 de
1473 4529 1531 4578 iust.
1544 4531 1589 4592 (D.
1603 4543 1624 4583 1.
1640 4531 1672 4593 1).

830 4609 841 4638 ⁶
857 4610 922 4661 Cels.
935 4625 958 4672 3.
970 4625 990 4661 e
1005 4626 1033 4676 9:
1054 4611 1133 4678 Hipp.
1144 4611 1175 4661 de
1188 4613 1248 4662 Loc.
1261 4611 1286 4660 in
1299 4612 1378 4662 Hom.

1112 4719 1807 4752 -Ϊ--.--.-.--.........

1123 4792 1144 4838 L
