4604 5562
754 701 814 756 DE
841 702 945 756 suaa
973 701 1107 770 BELLJ,
1136 701 1263 768 arar,
1295 684 1381 756 cnr.
1406 704 1500 758 XXV.
1765 712 1823 757 121

428 941 550 1010 bellum
578 942 761 1007 inferebant
789 943 942 1020 Romani,
969 963 1035 1006 non
1066 943 1099 1006 id
1130 943 1192 1006 sibi
1223 946 1390 1008 duxenrnt
1421 943 1547 1008 licitum
1577 963 1637 1026 per
1665 941 1828 1026 quosdam

426 1051 505 1118 dies.
535 1061 571 1117 at
586 1053 619 1116 in
635 1053 723 1119 bello
739 1053 936 1136 excipiendo
952 1053 1059 1116 nullus
1075 1053 1145 1116 dies
1161 1054 1317 1118 obstabat
1334 1055 1405 1133 illis,
1424 1055 1600 1137 quominus
1618 1054 1671 1118 uel
1687 1052 1828 1118 salutem

377 1145 380 1152 ’
427 1163 479 1227 uel
501 1165 698 1247 dignitatem
722 1165 935 1229 defenderent
945 1162 966 1230 ¹.
1011 1163 1095 1246 Quis
1116 1165 1203 1228 enim
1225 1165 1446 1230 obseruationi
1470 1167 1569 1244 locus,
1588 1186 1662 1229 cum
1686 1164 1828 1247 eligendi

427 1273 566 1344 facultas
593 1297 659 1341 non
686 1274 848 1359 supersit?
878 1283 912 1340 et
938 1274 1045 1338 simile
1071 1275 1173 1339 habes
1201 1275 1541 1341 Macchabaeorum²z
1581 1275 1736 1360 quicquid
1760 1274 1827 1338 Dio

426 1394 459 1449 et
477 1385 670 1452 Plutarchus
689 1388 842 1466 scribant,
859 1387 1000 1451 Iudaeos
1018 1387 1050 1449 in
1070 1407 1191 1469 magno
1215 1387 1389 1452 Sabbatho
1412 1407 1477 1452 non
1500 1409 1535 1452 se
1559 1389 1660 1452 domo
1684 1407 1828 1465 mouere,

427 1496 527 1561 etiam
552 1499 578 1562 si
603 1498 715 1563 hostes
738 1497 844 1563 scalas
869 1498 1040 1562 moenibus
1063 1497 1307 1576 admouerunt3
1338 1509 1372 1563 et
1397 1499 1443 1564 ita
1466 1508 1601 1582 captum
1623 1520 1644 1562 a
1667 1499 1826 1581 Pompeio

425 1630 535 1672 eorum
559 1610 659 1675 fuisse
678 1610 841 1692 templum
850 1608 872 1674 ³.
918 1608 963 1672 Et
985 1609 1157 1672 adeundus
1184 1609 1226 1672 de
1252 1608 1303 1672 his
1328 1610 1509 1693 Iosephus:
1540 1611 1595 1692 qui
1619 1610 1703 1674 inter
1725 1613 1826 1691 opera

427 1719 599 1804 distinguit
617 1721 762 1786 hostium
782 1718 867 1786 hic⁴.
912 1720 990 1785 Scio
1014 1719 1157 1784 Baldum
1178 1720 1257 1784 alibi
1279 1720 1342 1785 hoc
1365 1722 1550 1804 improbare
1568 1722 1611 1785 de
1628 1721 1824 1784 iniustorum

426 1831 633 1897 defensione:
657 1843 691 1898 et
710 1833 744 1896 in
760 1854 799 1897 eo
820 1833 910 1916 quod
928 1831 1109 1914 probarunt
1127 1832 1364 1914 compositores
1382 1833 1460 1896 iuris
1475 1832 1623 1910 feudalis,
1638 1852 1704 1897 non
1720 1829 1824 1896 uereri

426 1941 498 2006 illos
515 1944 684 2027 appellare
704 1965 823 2028 pecora
832 1945 855 2010 ⁵.
900 1923 977 2009 Scio
993 1964 1079 2026 quae
1095 1943 1292 2024 generaliter
1312 1944 1426 2008 disseri
1446 1955 1561 2010 contra
1581 1953 1729 2027 possunt.
1772 1943 1824 2010 At

425 2055 566 2120 rationes
589 2066 721 2121 nostrae
742 2055 900 2139 speciales
921 2056 955 2119 id
978 2056 1129 2137 probant,
1150 2063 1183 2118 et
1203 2064 1294 2119 stant
1313 2076 1373 2139 pro
1391 2055 1456 2120 illis
1474 2056 1758 2139 compositoribus.
1789 2063 1823 2119 et

425 2185 484 2248 pro
506 2166 571 2231 illis
597 2167 698 2232 etiam
722 2167 897 2232 Barbatius
919 2167 1122 2250 disputauit:
1154 2167 1233 2248 quia
1254 2167 1360 2231 tutela
1382 2188 1448 2232 non
1472 2177 1521 2232 est
1544 2167 1675 2250 proprie
1697 2165 1822 2231 malefi-

426 2278 531 2342 cium:
563 2280 624 2343 etsi
650 2280 770 2343 iniusta
795 2278 942 2344 defensio
969 2288 1018 2343 est
1028 2279 1049 2343 θ.
1081 2289 1115 2343 et
1141 2279 1218 2361 quia
1244 2278 1345 2342 etiam
1376 2279 1507 2344 difficile
1532 2280 1585 2355 sit,
1607 2279 1650 2343 ad
1677 2299 1821 2360 unguem

425 2388 606 2454 discernere
628 2411 760 2456 caussas
778 2389 940 2454 bellorum
963 2388 1116 2469 occultas,
1135 2411 1201 2454 non
1219 2390 1344 2454 ferente
1366 2390 1398 2454 id
1418 2399 1476 2454 aut
1496 2399 1646 2473 tempore
1664 2398 1722 2454 aut
1739 2389 1822 2468 loco,
1914 2465 1920 2474 ¹

423 2521 497 2565 cum
516 2501 550 2565 id
568 2522 672 2584 genus
690 2501 829 2584 reliquis.

466 2612 627 2677 Rationes
660 2613 755 2678 Baldi
788 2633 853 2677 non
889 2621 1047 2691 mouent3
1080 2635 1157 2677 nam
1189 2614 1307 2679 falsum
1344 2614 1397 2679 bic
1431 2624 1490 2692 est,
1523 2613 1589 2678 no'n
1619 2614 1717 2678 licere
1746 2632 1821 2694 pro·

424 2724 553 2806 pulsare
589 2725 774 2808 legitimum
811 2744 1048 2807 aggressorem.
1115 2725 1247 2790 Priuato
1285 2746 1350 2789 non
1388 2725 1473 2804 licet,
1503 2726 1570 2789 uim
1608 2725 1733 2789 domini
1770 2723 1820 2786 sui

424 2835 604 2919 legitimam
633 2858 654 2899 a
679 2857 723 2916 se,
749 2845 807 2900 aut
833 2837 876 2901 ab
906 2836 971 2901 alio
997 2836 1220 2920 propulsarel.
1276 2836 1331 2902 Sic
1364 2837 1492 2920 legibus
1524 2848 1557 2901 et
1581 2847 1717 2901 naturae
1742 2856 1820 2900 con·

424 2947 557 3010 trarium
590 2955 649 3025 est,
674 2947 799 3012 auxilio
830 2968 901 3012 esse
934 2947 1122 3012 scelerosis:
1156 2949 1334 3030 impeditur
1364 2948 1451 3012 enim
1482 2948 1624 3012 iustitiae
1658 2947 1819 3026 executio,

423 3076 506 3141 quae
542 3058 580 3124 fit
619 3079 678 3142 per
711 3058 952 3142 magistratum,
990 3057 1155 3141 publicam
1191 3079 1375 3142 personam.
1414 3061 1503 3142 quod
1541 3078 1607 3123 non
1649 3057 1819 3139 contingit,

421 3170 552 3252 quando
574 3189 675 3253 opera
696 3169 801 3246 datur,
821 3189 864 3234 ne
881 3170 954 3252 quis
975 3190 1034 3252 per
1052 3169 1119 3232 uim
1142 3190 1308 3234 armorum
1326 3171 1428 3234 iratus
1447 3171 1508 3234 sibi
1527 3171 1577 3234 ius
1594 3169 1692 3233 dicat.
1733 3169 1817 3232 Item

423 3282 509 3364 quod
540 3281 643 3356 affert,
671 3301 745 3345 eam
775 3280 1000 3345 defensionem
1030 3280 1224 3348 iniustorum
1255 3301 1326 3344 esse
1352 3289 1465 3345 contra
1495 3281 1652 3345 iustitiam
1682 3289 1716 3344 et
1746 3280 1815 3341 ius:

420 3412 493 3456 cum
527 3393 607 3457 uelit
640 3391 772 3471 iustitia,
800 3412 896 3456 suum
928 3390 1045 3473 cuique
1075 3390 1192 3470 tribui;
1231 3399 1264 3455 et
1298 3393 1348 3456 ius
1377 3393 1419 3456 sit
1447 3412 1500 3455 ars
1529 3392 1608 3456 boni
1638 3401 1672 3456 et
1700 3390 1816 3472 aequi:

420 3503 453 3566 id
479 3523 538 3568 nec
565 3511 663 3568 nocet
688 3512 821 3567 nostrae
845 3500 1067 3568 conclusioni:
1097 3503 1254 3584 quoniam
1279 3502 1427 3566 defensio
1449 3521 1470 3566 a
1492 3503 1586 3566 nobis
1613 3521 1719 3583 neque
1744 3521 1816 3584 pro-

420 3612 498 3679 bata
520 3623 579 3694 est,
598 3614 659 3678 nisi
678 3635 763 3697 quae
781 3614 828 3678 ad
851 3613 1009 3678 iustitiam
1028 3621 1062 3676 et
1081 3613 1122 3676 ad
1146 3613 1349 3695 aequitatem
1369 3613 1449 3677 uelit
1468 3613 1536 3677 uim
1555 3621 1588 3678 et
1606 3633 1698 3676 arma
1716 3621 1816 3676 retra·

419 3725 504 3791 here.
549 3724 710 3790 Subditus
732 3745 792 3808 per
815 3745 869 3789 me
890 3733 1022 3790 tenetur
1043 3743 1174 3806 semper
1195 3725 1287 3808 sequi
1309 3723 1492 3789 dominum.
1538 3724 1694 3790 Uasallus
1716 3724 1817 3788 debet

418 3837 450 3901 in
468 3837 587 3902 iniusta
605 3856 721 3903 caussa
739 3836 916 3901 defendere
934 3844 1084 3914 tantum;
1115 3835 1176 3900 etsi
1195 3837 1338 3901 uasallus
1355 3845 1487 3902 tenetur
1506 3837 1539 3899 in
1558 3836 1700 3919 amplius
1716 3856 1815 3918 quam

416 3947 593 4028 libertus⁸3
624 3957 657 4013 et
682 3949 818 4012 libertus
839 3948 873 4011 in
892 3948 1033 4031 amplius
1055 3947 1139 4012 forte
1161 3967 1260 4031 quam
1284 3948 1442 4012 subditus.
1474 3948 1516 4012 de
1541 3969 1608 4031 quo
1634 3948 1815 4012 uidendum

418 4071 608 4128 esttamen.
652 4059 751 4124 Alius
774 4059 927 4143 princeps
946 4058 1103 4124 defendet
1121 4061 1222 4124 etiam
1246 4061 1385 4126 iniustos
1405 4059 1554 4125 subditos
1571 4059 1707 4124 alienos.
1752 4060 1817 4123 Dic

417 4195 493 4239 uero
515 4173 579 4240 tria
600 4173 708 4238 adhuc
731 4171 889 4255 exempla
910 4191 970 4253 pro
993 4171 1182 4254 supradicta
1204 4172 1433 4238 distinctione:
1457 4182 1491 4236 et
1506 4174 1558 4238 fac
1578 4173 1688 4236 finem.
1734 4171 1815 4236 Ger-

456 4421 464 4450 ¹
480 4423 558 4473 Macr.
572 4435 594 4474 1.
605 4422 657 4474 Sat.
671 4421 709 4472 16.
859 4421 868 4449 ¹
885 4422 965 4472 Mace
980 4435 1001 4471 1.
1149 4421 1158 4450 ³
1176 4421 1235 4470 Dio.
1248 4421 1290 4470 lib.
1304 4432 1342 4485 37.
1355 4437 1376 4472 c.
1391 4421 1435 4476 16;
1453 4422 1517 4470 Plut.
1529 4422 1559 4471 de
1571 4421 1679 4486 Superst.
1692 4423 1772 4486 (169).

513 4504 522 4532 ⁴
539 4505 603 4555 lose
615 4505 699 4568 Antiq.
716 4519 753 4568 14.
766 4519 788 4555 c.
799 4519 824 4568 4.
988 4503 997 4532 ⁵
1017 4503 1070 4554 Bal.
1083 4521 1105 4556 c.
1120 4518 1141 4554 1.
1154 4503 1195 4553 hic
1207 4503 1232 4553 fi.
1244 4503 1289 4553 lec.
1454 4503 1464 4532 ⁸
1480 4505 1551 4552 Barb.
1563 4504 1595 4552 ad
1607 4503 1660 4553 Bal.
1672 4505 1714 4552 ibi.

640 4583 650 4615 ¹
666 4585 683 4634 l.
691 4585 729 4666 pl·
740 4585 770 4635 C.
781 4601 811 4635 ne
824 4601 859 4636 sa.
871 4586 912 4636 bn.
926 4586 979 4636 reit.
992 4588 1027 4649 (ι.
1038 4585 1075 4647 6).
1347 4583 1356 4613 ¹
1373 4583 1452 4647 Ceph.
1463 4599 1529 4633 cons.
1545 4584 1581 4634 18.

1105 4807 1128 4854 R
