4456 5566
700 710 761 764 DE
791 709 895 764 IURE
923 709 1056 779 BELH,
1085 709 1164 766 LIB.
1188 710 1212 780 l,
1244 709 1331 766 CAP.
1354 709 1410 766 IX.
1708 713 1750 787 35

355 951 433 1016 odio
456 953 489 1016 in
512 949 628 1017 Persas
646 951 755 1017 Turca
776 952 889 1028 fertur,
908 961 941 1016 et
965 951 997 1014 in
1022 951 1235 1030 Christianos,
1258 972 1373 1022 caussa
1398 951 1572 1035 religionis
1618 971 1751 1015 suasum

355 1082 432 1127 uero
452 1061 623 1128 Solimano
642 1073 797 1142 narratur,
815 1073 852 1127 ut
871 1063 903 1126 in
922 1062 1126 1128 Christianos
1146 1063 1256 1146 potius
1275 1072 1423 1128 moueret
1440 1083 1550 1126 arma:
1575 1081 1652 1126 nam
1676 1061 1752 1126 Per·

355 1193 406 1237 sas
422 1194 493 1238 esse
507 1183 638 1238 tantum
655 1174 837 1238 haereticos
846 1171 867 1238 ¹.
912 1173 1036 1238 Contra
1051 1194 1151 1256 quarn
1170 1175 1204 1237 in
1222 1173 1361 1239 concilio
1376 1173 1568 1238 Lusitanico
1583 1173 1754 1237 dicebatur

355 1283 471 1348 ultimo
490 1285 559 1367 regi
582 1284 788 1360 Sebastiano,
813 1294 850 1348 ut
876 1294 989 1349 contra
1010 1284 1190 1349 haereticos
1212 1286 1322 1368 potius
1344 1305 1444 1368 quam
1468 1294 1582 1349 contra
1603 1283 1753 1348 infideles

356 1394 452 1461 serret
473 1395 598 1460 bellum
608 1395 630 1462 ².
679 1396 757 1460 Non
780 1395 844 1459 hoc
865 1395 908 1458 ab
934 1395 1098 1479 Hispania
1120 1395 1191 1460 est?
1244 1397 1425 1461 Decretum
1448 1395 1538 1475 illud,
1560 1416 1627 1477 quo
1650 1414 1753 1478 nuper

356 1505 525 1591 Philippus
546 1507 683 1572 eiurauit
705 1507 828 1572 bonam
851 1507 980 1589 copiam
1003 1516 1036 1572 et
1058 1507 1168 1587 fidem,
1191 1508 1279 1586 dicit,
1299 1507 1388 1572 bella
1410 1528 1446 1572 se
1467 1507 1589 1571 habere
1612 1507 1753 1570 irrecon-

355 1618 507 1683 ciliabilis
525 1639 600 1684 cum
619 1618 805 1684 infidelibus
823 1629 857 1682 et
875 1639 950 1683 curn
968 1615 1149 1684 haereticis.
1204 1618 1384 1683 Testantur
1404 1617 1460 1682 alii
1481 1618 1567 1682 hanc
1589 1616 1752 1682 bellorum

356 1725 496 1812 Philippi
519 1751 668 1795 caussam
678 1728 701 1793 ³.
746 1728 904 1794 Testatur
923 1729 1021 1808 orbis,
1039 1730 1095 1812 qui
1117 1731 1178 1794 sub
1198 1741 1337 1813 utroque
1355 1731 1439 1795 iacet
1457 1728 1535 1794 sole
1581 1727 1654 1792 Nos
1672 1749 1752 1792 uero

357 1839 400 1904 ita
414 1841 599 1921 statuimus,
615 1850 651 1906 ut
668 1841 781 1906 Iudaei
797 1841 973 1906 iustissime
988 1841 1114 1907 bellum
1129 1841 1289 1924 gesserint
1305 1841 1337 1905 in
1355 1841 1558 1907 Cananaeos.
1588 1839 1640 1904 Ut
1654 1849 1752 1903 antea

355 1970 486 2035 quoque
505 1952 631 2017 dictum
657 1962 715 2016 est.
772 1951 914 2035 Reliqui,
937 1971 1003 2016 non
1025 1951 1160 2034 quidem
1181 1953 1303 2032 diuino,
1322 1963 1356 2017 et
1377 1953 1463 2018 iusto
1482 1972 1569 2030 uero,
1587 1951 1645 2014 sed
1666 1951 1752 2015 iusto

355 2060 573 2126 defendantur
590 2062 744 2141 humano,
763 2072 796 2126 et
815 2084 859 2126 ex
878 2063 1079 2146 principibus
1099 2063 1258 2128 institutis
1276 2073 1448 2128 sectarum.
1505 2061 1645 2144 Semper
1664 2061 1752 2125 enim

355 2191 466 2236 uerum
487 2183 546 2252 est,
566 2175 655 2256 quod
679 2182 771 2239 notat
793 2173 876 2238 alter
898 2174 1100 2237 medicorum
1127 2193 1276 2237 summus
1302 2183 1417 2238 auctor
1425 2171 1447 2252 ⁴,
1468 2171 1662 2256 reprehendi
1686 2192 1753 2236 non

354 2294 503 2366 oportere
525 2283 741 2364 definitiones,
756 2305 840 2368 quae
858 2284 999 2349 traditae
1017 2285 1081 2348 sint
1100 2285 1280 2349 secundum
1299 2294 1423 2350 sectam
1441 2284 1637 2348 definientis.
1674 2285 1752 2348 ade·

356 2415 440 2477 oque
457 2415 517 2460 nec
535 2397 672 2460 istorum
691 2396 778 2460 lacta
795 2396 922 2478 possint
943 2395 1146 2478 reprehendi,
1165 2397 1192 2459 si
1213 2397 1396 2461 secundum
1418 2397 1563 2479 ipsorum
1584 2404 1662 2459 sunt
1681 2394 1753 2459 reli·

355 2505 496 2587 gionem.
550 2506 732 2571 ‘Gradiuus
758 2506 869 2570 iubeat
896 2507 923 2570 si
950 2526 1067 2589 capere
1093 2527 1185 2571 arma
1210 2509 1350 2571 ducem:
1384 2508 1502 2571 Fidere
1527 2515 1597 2570 tarn
1621 2504 1670 2570 las
1692 2515 1752 2584 est,

357 2619 476 2701 ‘quarn
495 2617 646 2683 dubitare
664 2617 765 2683 nefas.
811 2618 965 2682 Mortalia
983 2628 1144 2703 quaerunt
1161 2618 1343 2683 consilium.
1386 2629 1494 2683 certus
1512 2618 1600 2682 iussa
1618 2637 1753 2700 capesse

355 2728 440 2793 ‘Dei
450 2725 482 2794 ⁵.’
527 2729 583 2794 Sic
605 2729 668 2808 isti,
682 2739 724 2810 et,
740 2733 871 2795 ‘contra
893 2730 966 2812 quis
988 2728 1070 2794 lerat
1093 2750 1184 2794 anna
1207 2725 1358 2794 Deos⁶?'
1403 2728 1499 2812 Quae
1522 2729 1554 2792 in
1576 2727 1642 2792 alio
1664 2728 1753 2794 dicta

355 2849 554 2922 argumento,
577 2849 610 2904 et
632 2840 685 2905 bic
707 2839 827 2905 ualent.
873 2840 940 2906 Sed
965 2842 1168 2924 pergendum
1191 2850 1242 2907 est
1264 2843 1307 2905 ad
1331 2841 1484 2920 radicem,
1507 2849 1540 2905 et
1563 2838 1751 2918 uidendum,

355 2951 381 3012 si
396 2951 428 3015 in
442 2951 493 3016 his
507 2952 596 3016 bona
611 2952 748 3017 istorum
766 2951 879 3035 religio
895 2963 953 3016 est.

953 3227 1042 3310 Cne.
1075 3233 1147 3309 IX.

665 3419 705 3492 Α
711 3446 737 3492 n
762 3415 893 3493 bellum
919 3419 1057 3492 z'ustum
1082 3419 1134 3491 sil
1149 3429 1225 3515 pro
1250 3417 1444 3514 Relzgzbne.

400 3599 453 3667 Er
467 3603 603 3685 quidem
621 3604 648 3668 si
664 3603 778 3686 religio
796 3603 866 3668 eius
888 3613 939 3668 est
962 3612 1106 3678 naturae,
1123 3611 1160 3665 ut
1178 3599 1330 3683 compelli
1348 3600 1392 3663 ad
1411 3617 1484 3661 eam
1504 3597 1626 3662 inuitus
1644 3597 1753 3662 nullus

357 3713 503 3780 debeati.
547 3715 664 3798 Atque
683 3735 768 3779 noua
787 3715 842 3780 illa
860 3716 987 3790 dicitur,
1003 3723 1037 3778 et
1059 3713 1209 3776 inaudita
1231 3709 1440 3795 praedicatio,
1455 3729 1541 3790 quae
1563 3709 1753 3774 uerberibus

357 3824 459 3908 exigit
473 3825 583 3891 fidem.
622 3824 785 3909 Sequitur,
801 3827 869 3891 uim
884 3827 982 3890 istam
998 3826 1119 3888 iustam
1138 3843 1203 3886 non
1220 3843 1300 3886 esse.
1334 3821 1430 3884 ‘Hoc
1445 3820 1488 3883 ad
1505 3819 1754 3903 irreligiositatis

357 3935 518 4020 ‘elogium
545 3938 715 4016 concurrit,
737 3939 883 4002 adimere
905 3938 1092 4002 libertatern
1115 3934 1289 4018 religionis,
1312 3941 1345 3997 et
1368 3932 1560 3996 interdicere
1583 3931 1754 4014 optionem

356 4047 579 4112 ‘diuinitatis:
607 4057 643 4112 ut
662 4069 727 4113 non
746 4049 843 4114 liceat
863 4049 943 4112 mihi
962 4049 1069 4114 colere
1087 4067 1188 4130 quem
1206 4045 1316 4120 uelim,
1335 4045 1393 4108 sed
1412 4062 1512 4126 cogar
1529 4043 1636 4107 colere
1654 4064 1754 4128 quem

356 4157 487 4223 ‘nolim
523 4167 624 4242 atque
650 4160 735 4224 adeo
761 4169 796 4224 et
819 4159 999 4243 Aegyptiis
1024 4160 1183 4242 permissa
1206 4166 1256 4221 est
1282 4165 1351 4220 tarn
1382 4175 1488 4219 uanae
1513 4155 1754 4238 superstitionis

419 4407 496 4459 ¹lou.
509 4424 549 4473 33.
563 4408 602 4471 36.
704 4409 833 4461 ’Conest
847 4425 868 4462 1.
974 4409 1122 4460 'Ferrarot
1135 4407 1251 4458 deluim.
1265 4411 1278 4466 ς
1293 4417 1314 4470 7.
1416 4403 1501 4454 ‘Gal
1514 4421 1536 4467 4.
1550 4403 1687 4453 DiliPuls

354 4487 622 4558 'AnsTheodAug
713 4491 1003 4556 'Tib.r.Eleg.7.3o.
1093 4482 1753 4553 ¹e35.23.q.5;c.r.3.clist.45;e.3.debep.

1026 4727 1083 4774 Fa
