4456 5566
697 711 758 764 DE
786 711 890 766 IURE
918 710 1052 778 BELLI,
1084 709 1164 766 LIB.
1188 709 1212 778 I,
1246 709 1332 766 CAP.
1362 709 1427 764 VII.
1723 717 1762 784 31

368 955 512 1020 hostium
528 955 762 1037 aequalitatem
777 956 842 1021 huc
861 956 965 1035 affert,
980 957 1024 1021 de
1038 977 1104 1039 qua
1118 975 1178 1021 nos
1193 956 1381 1020 notauimus
1395 965 1493 1020 antea
1503 953 1524 1017 ¹.
1570 949 1771 1037 Quanquam

369 1089 446 1132 uero
469 1069 658 1150 contingere
679 1067 858 1151 aliquando
875 1065 955 1154 (non
973 1069 1143 1150 continget
1157 1067 1308 1152 saepius:
1332 1077 1368 1131 ut
1387 1066 1502 1131 statim
1519 1061 1649 1149 audies)
1667 1063 1773 1147 possit

369 1188 405 1242 ut
434 1179 593 1243 iniustitia
622 1199 688 1242 non
717 1180 857 1244 obscure
879 1188 1003 1268 pateat,
1029 1179 1073 1243 ab
1099 1179 1203 1243 altera
1232 1188 1347 1262 parte:
1385 1187 1498 1242 tamen
1529 1197 1595 1240 non
1625 1174 1773 1257 oportuit

370 1299 496 1356 mutare
522 1289 747 1355 definitionem
772 1292 969 1375 generalem,
992 1312 1058 1373 quo
1084 1292 1193 1355 minus
1219 1290 1371 1372 utrinque
1397 1297 1508 1354 essent
1538 1306 1668 1369 semper
1692 1284 1772 1349 belli

368 1401 448 1466 iura.
502 1401 621 1483 Neque
647 1401 735 1464 enim
762 1423 807 1466 ex
832 1401 892 1480 his,
911 1422 996 1484 quae
1022 1421 1094 1465 raro
1117 1401 1281 1480 accidunt,
1303 1400 1373 1464 iura
1399 1399 1650 1477 constituuntur,
1672 1406 1773 1479 atque

370 1521 542 1596 aptantur:
573 1512 607 1576 id
631 1521 689 1590 est,
709 1533 753 1576 ex
774 1512 835 1591 his,
853 1531 939 1595 quae
961 1513 995 1575 in
1016 1533 1076 1577 suo
1098 1533 1219 1596 genere
1242 1533 1315 1576 raro
1333 1511 1506 1575 accidunt:
1537 1518 1571 1574 et
1593 1529 1679 1592 quae
1696 1527 1773 1572 con-

370 1632 420 1688 tra
438 1621 628 1706 generalem
648 1622 695 1688 rei
718 1631 869 1688 naturam
893 1624 927 1686 in
948 1644 984 1688 re
1004 1623 1182 1707 aliquando
1205 1621 1431 1705 contingunt2.
1476 1621 1525 1686 Ut
1543 1620 1654 1704 plures
1672 1619 1774 1684 nostri

370 1735 521 1799 doctores
550 1736 693 1799 docent:
723 1743 758 1798 et
782 1733 971 1816 generalem
998 1732 1048 1819 (ut
1073 1731 1163 1822 dico)
1189 1734 1416 1800 definitionem
1442 1731 1592 1797 imminui
1621 1731 1738 1796 nolunt
1748 1729 1771 1793 ³.

370 1843 495 1910 ‘Nulla
517 1843 574 1908 lex
596 1845 677 1910 satis
699 1847 877 1910 commoda
898 1846 1053 1910 omnibus
1075 1843 1161 1912 est:’
1191 1846 1323 1910 dixerat
1346 1845 1394 1910 M.
1413 1844 1499 1910 Cato
1508 1840 1532 1906 ⁴.
1577 1843 1655 1906 Non
1673 1843 1773 1926 igitur

371 1957 567 2020 mutandum
582 1958 625 2020 de
640 1956 703 2020 hoc
718 1957 788 2032 iure
802 1957 956 2037 hostium,
969 1965 1002 2022 et
1016 1957 1095 2022 belli
1111 1957 1263 2040 utrinque
1278 1956 1417 2040 aequali.
1445 1957 1491 2020 Et
1506 1954 1641 2038 quidem
1657 1955 1705 2019 sic
1721 1963 1772 2019 est

372 2076 404 2132 et
426 2067 459 2131 in
481 2067 776 2150 disceptationibus
794 2069 854 2133 fori
872 2089 934 2152 par
950 2070 1000 2134 ius
1018 2068 1176 2152 litigantis
1191 2069 1369 2151 utriusque,
1384 2069 1491 2132 donec
1508 2067 1577 2132 lata
1592 2087 1652 2150 pro
1667 2067 1772 2131 altero

372 2199 483 2243 eorum
505 2179 669 2243 sententia
690 2180 743 2244 sit.
797 2181 845 2245 Et
860 2180 914 2244 hic
928 2181 1043 2258 victus,
1058 2181 1113 2264 qui
1132 2179 1253 2244 iniuste
1275 2178 1491 2262 belligerauit,
1509 2199 1569 2262 pro
1591 2199 1651 2242 sua
1673 2177 1773 2241 inius-

372 2289 444 2354 titia
465 2310 592 2372 poenas
614 2290 697 2355 leret
718 2312 740 2354 a
762 2291 887 2356 uictore
909 2290 1083 2374 grauiores.
1138 2290 1240 2374 Quod
1262 2290 1290 2354 si
1309 2289 1448 2354 iniustus
1466 2289 1589 2368 uicerit,
1612 2309 1718 2372 neque
1740 2289 1774 2350 in

373 2402 582 2466 contentione
600 2402 663 2465 ista
679 2411 818 2481 armata,
833 2422 940 2485 neque
957 2403 991 2466 in
1009 2411 1124 2485 togata
1140 2401 1247 2467 altera
1264 2409 1413 2484 superest
1435 2401 1616 2466 remedium
1637 2399 1773 2465 homini.

373 2511 418 2576 Et
443 2533 504 2577 nec
531 2513 580 2576 ius
604 2513 716 2577 deficit
742 2522 865 2592 tamen,
883 2513 941 2578 sed
964 2511 1042 2577 iuris
1065 2514 1227 2578 executio
1282 2512 1378 2576 ‘Non
1401 2511 1451 2576 ius
1474 2511 1596 2587 deficit,
1615 2512 1673 2575 sed
1697 2530 1773 2594 pro-

373 2623 486 2687 ‘batio
499 2619 521 2688 :’
544 2625 649 2706 inquit
666 2625 786 2689 Paulus
795 2625 819 2689 ὅ.
863 2623 937 2691 Aut
957 2626 1056 2690 etiam
1075 2624 1200 2689 dixeris
1221 2645 1296 2688 cum
1311 2623 1491 2706 Theologis
1508 2643 1547 2686 ac
1566 2621 1774 2707 Philosophis

373 2733 496 2797 nullum
514 2755 587 2798 esse
602 2735 672 2800 sine
686 2756 794 2818 poena
809 2746 992 2819 peccatum,
1009 2756 1087 2800 nam
1103 2745 1137 2802 et
1152 2735 1303 2819 improba
1317 2734 1405 2801 actio
1422 2743 1472 2799 est
1487 2734 1629 2818 poena⁶2
1645 2734 1774 2799 ‘Prima

375 2845 451 2908 ‘illa
474 2854 507 2910 et
530 2844 679 2910 maxima
702 2847 911 2929 peccantium
934 2856 986 2912 est
1006 2867 1116 2932 poena
1137 2845 1309 2931 peccasse‚’
1333 2855 1368 2910 ut
1392 2844 1498 2928 inquit
1521 2844 1660 2910 Seneca.
1710 2845 1774 2910 Est
1886 2915 1889 2922 ,

376 2965 480 3020 metus
506 2976 622 3038 poena,
646 2957 769 3023 scilicet
797 2967 832 3022 ut
860 2958 948 3023 idem
974 2959 1029 3038 ait,
1055 2959 1200 3023 ‘Multos
1226 2957 1359 3022 fortuna
1388 2957 1507 3022 liberat
1536 2977 1654 3040 poena,
1682 2966 1772 3022 metu

375 3069 382 3097 ‘
397 3066 578 3132 neminem'
622 3067 686 3132 Est
701 3068 836 3132 infamia
851 3070 940 3152 apud
956 3069 1057 3135 alios:
1081 3079 1132 3136 est
1147 3069 1349 3135 conscientia
1364 3070 1453 3152 apud
1468 3089 1512 3148 se,
1528 3077 1565 3132 ut
1582 3066 1772 3151 Philosophi

375 3177 598 3260 explicarunt:
629 3188 680 3243 est
705 3188 740 3244 et
765 3179 927 3260 inlemus;
956 3182 998 3246 de
1024 3202 1091 3263 quo
1118 3191 1153 3246 et
1179 3180 1378 3264 Philosophi,
1400 3180 1540 3245 ueritate
1566 3187 1714 3262 cogente,
1738 3188 1772 3243 et

376 3286 544 3373 Theologi,
559 3289 699 3354 ueritate
713 3291 863 3370 docente,
877 3291 1093 3358 tradiderunt.

967 3631 1056 3706 Cae.
1085 3633 1176 3705 VII.

854 3842 914 3915 De
937 3843 1074 3915 caussis
1099 3841 1283 3916 bellorum.

420 4051 475 4116 DE
501 4051 624 4118 caussis
649 4052 811 4119 bellorum
838 4053 1019 4119 uidendum
1045 4075 1142 4139 porro
1169 4064 1228 4120 est.
1283 4055 1390 4132 ‘Una
1410 4062 1444 4119 et
1470 4075 1510 4120 ea
1535 4062 1631 4119 uetus
1657 4075 1773 4121 caussa

378 4161 551 4244 ‘bellandi
573 4164 737 4249 profunda
759 4164 862 4230 libido
885 4166 1022 4249 imperii,
1045 4176 1079 4231 et
1101 4165 1309 4243 diuitiarum’
1331 4175 1368 4233 ut
1392 4166 1549 4250 scriptum
1571 4187 1592 4230 a
1615 4166 1772 4232 Sallustio

473 4440 482 4470 ¹
498 4441 555 4491 Alc
566 4441 591 4492 d.
603 4442 621 4492 l.
634 4456 657 4507 5.
668 4448 693 4493 et
704 4442 735 4492 de
746 4443 777 4493 V.
790 4442 815 4494 S.
829 4457 883 4506 ²34·
897 4442 943 4507 (D.
955 4455 995 4506 50.
1009 4441 1060 4507 16).
1236 4443 1246 4472 ²
1259 4443 1277 4494 1.
1290 4456 1313 4504 3.
1325 4461 1348 4505 4.
1361 4457 1384 4507 5.
1396 4443 1419 4495 6.
1432 4443 1531 4508 delegi.
1545 4444 1590 4507 (D.
1604 4457 1625 4491 1.
1640 4444 1674 4505 3).

443 4523 453 4552 ⁸
467 4525 513 4574 Aa.
523 4524 541 4574 l.
553 4523 593 4588 64
605 4524 636 4574 de
647 4542 697 4590 reg.
709 4527 741 4577 iu.
754 4526 800 4592 (D.
813 4541 853 4590 50.
868 4525 925 4588 16);
942 4527 1040 4576 Wesen.
1053 4527 1113 4576 lust.
1128 4540 1148 4575 1.
1162 4540 1207 4593 193
1225 4525 1294 4576 Don.
1309 4539 1330 4574 1.
1342 4541 1407 4575 com.
1422 4539 1467 4590 15;
1485 4525 1542 4576 Alc.
1555 4537 1577 4587 5.
1589 4524 1678 4575 Parad.
1692 4535 1719 4586 7.·

487 4607 496 4636 ¹
512 4608 567 4658 Liu
578 4607 623 4658 lib.
636 4622 676 4672 34.
687 4624 708 4658 c.
722 4623 744 4671 3.
843 4608 854 4638 ⁸
869 4608 886 4657 l.
900 4623 939 4672 30.
950 4608 1025 4659 dete.
1037 4616 1072 4659 tu.
1085 4609 1131 4671 (D.
1145 4608 1183 4658 26.
1197 4609 1231 4670 a).
1332 4607 1342 4637 ⁸
1359 4607 1424 4658 Pice.
1437 4623 1461 4673 9.
1474 4607 1530 4658 Ciu.
1541 4606 1606 4656 Phil.
1620 4619 1659 4668 53.
