4456 5566
379 639 652 650 ——n———m—
664 641 860 649 ---—--.--

866 739 1287 806 PRAEFATIO..
1356 735 1371 812 ’,
1488 803 1490 810 ,
1723 741 1766 806 vii

368 986 472 1073 sima,
513 1000 553 1059 et
592 985 666 1059 situ
702 985 796 1059 inter
830 1009 932 1059 mare
967 1000 1007 1058 et
1040 984 1229 1082 Apennini
1264 984 1455 1059 cacumina
1489 983 1764 1062 amoenissimo

371 1119 427 1192 Ibi
464 1120 576 1193 etiarn
611 1119 724 1194 hodie
760 1120 922 1192 maxima
957 1119 1200 1205 obseruantia
1231 1119 1364 1196 colitur
1397 1121 1577 1197 memoria
1594 1121 1693 1206 ,eius
1727 1137 1767 1198 et

367 1255 515 1329 aedium
543 1270 812 1331 conseruantur
838 1252 976 1326 ruinae.
1299 1331 1306 1344 ‚

325 1463 330 1476 ,
421 1390 533 1464 Pater
563 1389 792 1476 Matthaeus,
822 1387 991 1462 medicus
1017 1403 1057 1462 et
1086 1413 1108 1462 e
1135 1369 1249 1463 riobili
1279 1389 1419 1465 familia
1450 1391 1656 1466 Gentilium
1687 1415 1767 1466 rus-

367 1550 505 1611 sorum,
548 1525 612 1620 qui
655 1539 845 1610 uocantur,
879 1521 1069 1610 oriundus
1108 1521 1228 1597 r'nater
1260 1521 1445 1599 'Lucretia
1492 1522 1640 1599 Petrelli
1683 1523 1762 1598 fuit

368 1658 541 1733 Tenerae
576 1658 697 1731 adhuc
731 1655 866 1730 aetatis
910 1654 1098 1751 profectus
1137 1672 1197 1731 est
1228 1653 1428 1732 Albericus
1462 1659 1511 1731 ad
1547 1657 1765 1732 Perusinam
1870 1719 1872 1722 .

368 1793 622 1881 Academiam,
659 1793 697 1865 in
730 1789 837 1865 Italia
874 1805 956 1865 tota
997 1789 1287 1882 celeberrimam,
1326 1791 1540 1891 Bartolique
1579 1809 1618 1868 et
1659 1791 1765 1867 Baldi

368 1952 517 2023 semper
542 1926 765 2000 uenerandis
791 1925 1002 2000 nominibus
1029 1925 1251 2023 insignitam.

420 2061 476 2134 lbi
503 2061 630 2160 legum
655 2059 780 2134 studio
808 2059 981 2148 incubuit,
1001 2060 1189 2157 magistris
1218 2059 1380 2137 Rinaldo
1408 2059 1619 2157 Rodolph0‚
1639 2060 1764 2148 Odd0,

368 2195 553 2294 Eugenio,
589 2195 747 2291 aliisque
782 2193 943 2293 egregiis
979 2193 1077 2282 uiris,
1113 2209 1153 2269 et
1191 2220 1289 2269 anno
1324 2219 1486 2270 Mouxxn
1522 2197 1570 2270 ad
1605 2196 1764 2296 gradum

368 2330 546 2406 Doctoris
565 2332 603 2404 in
623 2331 709 2404 Iure
729 2327 839 2402 Ciuili
856 2343 1051 2426 promotus
1068 2345 1127 2403 est
1139 2331 1161 2402 ¹.
1181 2365 1185 2374 ·
1264 2431 1267 2438 Ι

418 2466 511 2540 Inde
538 2465 575 2538 in
601 2467 756 2561 patriam
783 2489 966 2551 reuersus,
993 2488 1147 2537 munere
1174 2453 1356 2560 praetoris
1383 2465 1419 2538 in
1445 2465 1596 2540 ciuitate
1617 2464 1764 2541 ›Ascolo

364 2599 512 2674 functus
538 2614 605 2688 est,
633 2614 672 2673 et
698 2595 808 2694 paulo
834 2612 968 2694 postea
993 2596 1164 2670 aduocati
1191 2595 1229 2670 in
1256 2596 1577 2688 Sancto-Ginesio,
1601 2600 1665 2674 ubi
1688 2626 1763 2673 una

364 2758 448 2808 curn
478 2749 584 2830 patre
619 2749 658 2808 et
687 2730 827 2805 familia
856 2747 938 2804 tota
971 2756 1108 2828 magno
1139 2731 1282 2808 honore
1312 2731 1514 2822 fruebatur,
1542 2750 1590 2823 et,
1617 2750 1694 2808 tam
1726 2735 1762 2807 in

364 2869 513 2942 statutis
538 2867 641 2943 urbis
666 2865 910 2940 reformandis
937 2889 1050 2962 quam
1078 2865 1115 2938 in
1140 2864 1221 2940 aliis
1248 2868 1409 2966 negotiis
1430 2869 1615 2966 gerendis,
1633 2866 1762 2942 utilem
1879 2862 1882 2870 ’

362 3029 403 3079 se
438 3004 610 3103 praebuit
644 2999 879 3099 reipublicae.
950 2998 1038 3094 Qua
1072 3017 1150 3073 tam
1189 3025 1367 3099 prospera
1405 3002 1554 3077 fortuna
1589 3028 1663 3077 non
1697 3002 1760 3076 diu

361 3156 420 3214 est
450 3164 551 3213 usus.
606 3137 716 3209 Pater
749 3133 976 3224 Matthaeus,
1003 3162 1119 3233 quum
1149 3161 1273 3212 rerum
1305 3164 1487 3214 nouarum
1517 3139 1555 3212 in
1582 3139 1761 3238 religione

360 3289 506 3349 amator
535 3287 646 3358 esset,
677 3284 717 3344 et
745 3270 797 3343 ob
827 3268 865 3342 id
896 3269 1056 3345 Sanctae
1090 3270 1346 3368 Inquisitionis
1382 3273 1519 3348 Officio
1554 3277 1759 3372 suspectus

360 3407 460 3483 domi
495 3429 646 3480 manere
677 3404 821 3501 absque
856 3404 956 3477 uitae
987 3403 1150 3501 periculo
1178 3406 1317 3480 diutius
1347 3432 1422 3484 non
1453 3407 1596 3507 potuit:
1632 3406 1759 3481 relicta

360 3542 472 3640 igitur
505 3565 632 3628 uxore,
667 3563 765 3636 quae
806 3539 886 3611 sine
922 3565 1020 3626 aere,
1055 3540 1165 3626 uictu,
1202 3540 1390 3639 religione,
1425 3541 1592 3616 adsuetis
1630 3541 1760 3616 uiuere

358 3701 400 3751 se
426 3700 538 3773 posse
564 3674 736 3773 negabat,
761 3673 828 3746 sed
853 3670 1061 3769 adsumptis
1087 3698 1136 3747 ex
1159 3672 1242 3747 filiis
1269 3673 1446 3750 Alberico
1472 3691 1561 3749 natu
1583 3675 1757 3764 maximo,

357 3811 421 3907 qui
447 3809 592 3908 etipse
618 3809 666 3882 de
692 3807 766 3882 fide
792 3808 915 3881 minus
941 3809 1066 3882 stricte
1092 3809 1288 3898 sentiebat,
1312 3825 1352 3885 et
1375 3835 1492 3906 puero
1516 3810 1699 3908 Scipione,
1720 3813 1757 3885 in

358 3943 571 4020 Carniolam
595 3969 637 4018 se
662 3943 811 4041 recepit,
835 3943 899 4017 ubi
925 3941 1119 4016 ‘Ducatus
1144 3941 1335 4018 archiatri’
1354 3944 1463 4020 titulo
1488 3962 1640 4020 ornatus
1665 3962 1724 4022 est
1733 3953 1755 4021 2.

360 4077 477 4153 Filios
517 4103 645 4152 secum
686 4102 761 4150 non
801 4077 864 4150 diu
904 4079 1062 4165 retinuit,
1098 4079 1166 4153 sed
1204 4078 1403 4177 Scipionen
1444 4080 1492 4154 ad
1532 4081 1758 4156 studendum

399 4289 409 4322 ¹
429 4287 475 4347 Ex
497 4287 621 4347 archiuis
642 4285 788 4346 Perusinis
810 4294 923 4345 constat
944 4305 1013 4346 eum
1034 4287 1103 4347 del.
1119 4286 1351 4364 maboribusDig.
1366 4289 1397 4346 de
1410 4288 1565 4348 minoribus
1579 4288 1620 4370 (4.
1637 4309 1664 4362 4.
1681 4288 1712 4369 6)
1728 4301 1756 4351 et

304 4375 311 4390 '
358 4384 376 4446 1.
389 4405 404 4444 2
418 4385 492 4447 Cod.
504 4387 536 4444 de
549 4387 642 4444 aduoc.
649 4385 722 4460 fisci
728 4382 768 4464 (2.
783 4382 813 4463 9)
824 4385 995 4462 disputasse,
1009 4396 1038 4445 et
1051 4397 1235 4463 promotores
1249 4389 1312 4446 eius
1326 4387 1415 4448 suisse
1430 4388 1564 4448 dominos
1579 4387 1755 4448 Rainaldum

359 4482 589 4561 Rodolphinum,
604 4482 775 4542 Cornelium
788 4481 991 4556 Benincasam,
1007 4494 1036 4543 et
1050 4484 1094 4544 Io.
1110 4484 1193 4562 Bapt.
1208 4484 1345 4544 Fidelem.

397 4582 409 4618 ¹
429 4581 486 4646 Die
503 4581 581 4641 xxvii
599 4581 724 4657 Augusti
745 4581 815 4642 anni
832 4599 970 4653 uosxxrx,
985 4593 1018 4641 ut
1036 4582 1126 4660 liquet
1142 4600 1179 4643 ex
1193 4582 1329 4644 Archiuis
1350 4582 1520 4642 Prouinciae
1539 4581 1699 4648 Camiolae‚
1724 4582 1754 4644 in

358 4675 552 4756 Ephemeride
566 4679 614 4738 La
628 4677 748 4738 Rrirista
765 4677 940 4752 Chrzitiana,
956 4697 1137 4753 nucccxxvu,
1153 4700 1181 4758 p.
1199 4695 1225 4755 5,
1242 4680 1441 4742 aProsessore
1456 4681 1571 4740 Comba
1585 4679 1685 4738 citatis.

1584 4799 1750 4810 ——-—-

1028 4860 1082 4922 ba
