4604 5562
504 722 546 784 90
989 713 1190 768 ALBERICI
1219 714 1419 768 GENTILIS

502 957 509 986 ‘
526 953 673 1033 uelimus,
690 974 730 1018 ne
749 956 782 1018 in
801 956 834 1020 id
855 957 1045 1022 incidamus.
1076 979 1153 1040 pax,
1169 959 1196 1020 si
1219 958 1313 1037 iusta,
1329 980 1368 1022 ea
1390 956 1617 1040 pulcherrima.
1648 956 1728 1020 alias
1751 956 1830 1019 nihil
1854 957 1902 1018 in·

501 1067 606 1129 ‘iuste
623 1065 820 1145 faciendum,
840 1068 919 1131 nihil
938 1071 1076 1151 turpiter
1094 1070 1297 1152 patiendum,
1314 1080 1350 1134 ut
1368 1090 1484 1152 pacem
1503 1067 1668 1132 habeas¹.’
1713 1067 1758 1130 Et
1777 1068 1819 1130 de
1837 1067 1901 1131 leui

499 1177 549 1241 'sic
568 1198 683 1241 caussa
698 1189 776 1241 ante
794 1178 894 1242 etiam
914 1179 1064 1244 indicaui.

548 1288 757 1353 Contrarium
784 1298 895 1352 autem
922 1289 972 1352 his
995 1299 1139 1364 nonest,
1163 1292 1253 1373 quod
1275 1289 1362 1353 bella
1385 1288 1498 1367 multa,
1521 1310 1619 1372 saepe
1642 1298 1675 1352 et
1698 1289 1730 1351 in
1754 1288 1902 1365 exitium,

502 1398 546 1460 ob
574 1398 755 1463 leuissimas
783 1420 898 1463 causas
922 1400 1060 1465 luerint:
1091 1411 1127 1465 ut
1150 1401 1215 1465 hoc
1244 1401 1299 1464 alii
1320 1398 1569 1464 obseruarunt2.
1615 1401 1704 1463 Nam
1727 1398 1815 1462 sacta
1841 1417 1902 1460 nos

503 1531 569 1575 non
598 1513 796 1595 quaerimus,
820 1523 878 1577 aut
908 1535 951 1576 ex
981 1513 1077 1577 factis
1107 1513 1156 1576 ius
1186 1513 1434 1578 constituimus:
1471 1513 1529 1575 sed
1561 1533 1603 1575 ex
1638 1512 1705 1574 iure
1732 1510 1902 1572 examina-

504 1643 577 1685 mus
606 1621 702 1702 facta,
730 1632 764 1686 et
794 1623 950 1688 iaciendis
981 1624 1250 1706 praeiudicamus.
1307 1623 1426 1704 Neque
1457 1622 1616 1704 Uirgilius
1646 1617 1749 1706 (quod
1779 1629 1903 1683 temere

499 1734 536 1818 ,in
563 1753 602 1797 eo
627 1733 872 1817 reprehendunt
900 1735 1107 1816 grammatici
1117 1731 1143 1820 ³)
1169 1734 1247 1798 belli
1273 1733 1500 1812 Troianorum,
1523 1743 1556 1797 et
1587 1733 1781 1796 Latinorum
1808 1751 1901 1795 caus·

502 1865 574 1908 sam
601 1845 679 1910 lacit
706 1847 792 1910 cerui
820 1848 966 1912 caedem.
1020 1848 1065 1910 Et
1095 1845 1121 1909 si
1145 1845 1265 1909 laceret
1296 1854 1417 1923 tamen,
1442 1865 1508 1908 non
1538 1844 1829 1908 insolentissimum
1851 1839 1903 1928 (ut

503 1952 611 2042 audis)
633 1955 764 2021 faceret.
821 1957 948 2021 Primos
973 1957 1050 2021 belli
1079 1966 1189 2021 motus
1220 1978 1262 2020 ex
1290 1977 1330 2019 eo
1357 1956 1528 2034 excitatos,
1551 1955 1598 2018 ait
1629 1953 1777 2036 Scaliger
1799 1974 1903 2036 prope

502 2066 545 2128 ad
590 2087 698 2130 meam
743 2069 950 2132 sententiam.
1019 2068 1207 2131 Minturnus
1248 2067 1302 2144 ita,
1344 2065 1503 2130 ‘Uenatu
1543 2064 1679 2128 Ascanii
1720 2065 1902 2128 excitatum

506 2177 575 2240 ‘sic
612 2178 745 2258 bellum,
779 2181 900 2243 nemini
939 2200 1004 2243 non
1043 2175 1239 2262 probatur⁴.’
1300 2176 1440 2242 Occasio
1475 2176 1605 2250 scilicet,
1640 2183 1673 2238 et
1707 2175 1902 2259 principium

503 2286 581 2350 belli
614 2288 688 2366 illic,
722 2309 786 2353 non
818 2310 925 2354 causa.
985 2289 1035 2355 Ut
1068 2289 1182 2352 itidem
1214 2309 1328 2352 ceruus
1357 2287 1436 2352 facit
1469 2285 1630 2368 proelium
1662 2287 1787 2350 conseri
1817 2288 1902 2349 inter

505 2397 682 2462 Lucullum
701 2409 734 2464 et
758 2400 995 2478 Mithridatem,
1018 2400 1070 2463 uel
1094 2400 1276 2464 nolentes⁵.
1322 2397 1378 2463 Sic
1401 2419 1504 2480 equus
1526 2398 1705 2479 aliquando
1727 2417 1820 2476 unus,
1842 2407 1900 2461 aut

504 2509 586 2574 leuis
609 2511 752 2575 lixarum
775 2515 847 2576 rixa
870 2512 1006 2576 attrahit
1029 2512 1190 2594 proelium
1214 2512 1346 2574 iustum.
1392 2510 1437 2574 Et
1460 2510 1506 2573 sic
1530 2519 1566 2572 ut
1588 2509 1724 2573 Tacitus
1751 2508 1902 2590 loquitur,

504 2622 723 2687 ‘Discordiae
746 2632 841 2706 raptu
859 2623 991 2706 frugum
1014 2633 1047 2686 et
1070 2642 1226 2705 pecorum
1250 2622 1334 2685 inter
1351 2629 1507 2703 agrestes,
1523 2621 1588 2684 iam
1611 2639 1670 2702 per
1689 2641 1780 2683 arma
1802 2631 1903 2701 atque

507 2734 619 2797 ‘acies
649 2733 930 2798 exercebantur⁰.‘
983 2733 1128 2798 Caussae
1157 2755 1177 2797 a
1207 2734 1373 2816 principiis
1406 2741 1484 2816 sunt
1513 2732 1774 2814 distinguendae.
1814 2732 1903 2814 quod

505 2864 624 2908 causae
642 2845 675 2909 in
695 2846 791 2910 rebus
807 2847 934 2928 primae
949 2854 1044 2910 sunt:
1069 2847 1227 2928 principia
1242 2845 1358 2909 ultima
1377 2865 1573 2910 caussarum.
1604 2844 1764 2927 principia
1778 2844 1904 2926 primae

505 2953 677 3020 hominum
700 2957 846 3021 actiones
869 2958 902 3020 in
925 2958 1030 3036 rebus,
1045 2977 1130 3039 quae
1152 2957 1324 3036 iudicatae,
1343 2965 1443 3038 atque
1462 2955 1663 3020 deliberatae
1686 2963 1782 3020 sunt:
1810 2976 1905 3019 caus·

507 3086 572 3144 sae,
587 3088 672 3149 quae
693 3068 861 3144 iudicium,
878 3068 1215 3149 deliberationemque
1237 3069 1448 3150 praecedunt,
1464 3087 1614 3150 quaeque
1636 3067 1789 3145 efficiunt,
1803 3076 1841 3130 ut
1860 3067 1906 3130 ita

506 3179 696 3244 iudicemus.
754 3181 803 3244 Ut
826 3181 872 3244 ita
895 3181 938 3244 de
960 3181 1083 3244 caussis
1106 3188 1140 3244 et
1166 3179 1332 3262 principiis
1358 3178 1521 3242 bellorum
1544 3177 1733 3260 Polybius⁷.
1789 3179 1835 3241 Et
1858 3179 1905 3244 sic

507 3290 666 3372 Uirgilius
689 3291 731 3354 de
754 3291 810 3354 illo
834 3311 940 3369 ceruo,
962 3293 1111 3375 ‘primae
1133 3292 1269 3354 exordia
1293 3311 1424 3374 pugnae
1433 3287 1464 3354 ⁸.’
1510 3287 1563 3352 De
1586 3289 1708 3353 caussis
1729 3289 1807 3352 belli
1826 3299 1904 3353 ante

507 3410 736 3484 praecesserat,
755 3411 812 3466 aut
835 3404 877 3466 de
900 3423 1014 3467 caussa
1039 3403 1158 3485 potius,
1177 3402 1337 3466 Lauiniae
1360 3401 1489 3484 nuptiis,
1506 3411 1640 3483 propter
1657 3421 1739 3484 quas
1760 3401 1849 3482 Juno
1872 3411 1905 3465 et

508 3512 631 3577 Alecto
650 3522 785 3578 mouent
801 3513 969 3593 Amatam,
985 3524 1018 3578 et
1034 3513 1192 3592 Turnum,
1209 3523 1243 3578 et
1259 3512 1393 3577 bellum.
1439 3512 1527 3576 Ecce
1545 3521 1633 3588 ante,
1649 3511 1777 3576 ‘Arma
1791 3533 1905 3576 amens

507 3629 515 3654 ‘
533 3623 657 3687 fremit:
681 3644 772 3688 arma
795 3625 899 3700 thor0,
916 3625 1077 3707 tectisque
1100 3626 1253 3707 requirit:
1278 3621 1392 3688 Saeuit
1410 3643 1504 3686 amor
1519 3622 1605 3699 ferri,
1620 3631 1654 3685 et
1677 3623 1834 3686 scelerata
1857 3625 1904 3686 in-

507 3737 622 3799 ‘sania
643 3733 741 3800 belli.’
793 3736 903 3818 ‘Ergo
926 3737 987 3800 iter
1009 3737 1051 3799 ad
1074 3757 1192 3818 regem,
1213 3736 1340 3818 polluta
1362 3755 1452 3818 pace,
1472 3733 1630 3797 Latinum
1654 3735 1768 3799 indicit
1791 3736 1904 3815 primis

508 3847 694 3925 ‘iuuenum
714 3856 747 3910 et
771 3847 860 3910 iubet
883 3867 974 3910 arma
997 3849 1111 3928 parari,
1131 3847 1229 3912 tutari
1255 3847 1394 3924 Italiam,
1414 3847 1589 3909 detrudere
1610 3845 1731 3909 finibus
1753 3844 1902 3909 hostem?

511 3956 556 4020 Et
586 3957 662 4021 hinc
691 3977 824 4040 quoque
855 3959 973 4022 rectius
1003 3959 1130 4022 dicetur
1158 3957 1353 4041 principium
1377 3957 1463 4035 belli,
1481 3958 1613 4040 quando
1639 3959 1744 4040 prima
1767 3957 1823 4021 illa
1846 3978 1905 4040 pro

511 4068 613 4131 caede
642 4068 730 4132 cerui
760 4076 872 4131 secuta
897 4089 1009 4151 pugna
1040 4078 1098 4133 est.
1143 4068 1235 4132 Audi
1262 4079 1373 4132 tamen
1404 4069 1446 4132 de
1476 4088 1599 4146 caussa,
1623 4069 1783 4132 ‘Lauinia
1812 4071 1905 4152 uirgo

509 4183 517 4212 ‘
534 4199 649 4243 caussa
665 4178 743 4242 mali
759 4180 843 4243 tanti
854 4179 870 4243 .’
916 4179 971 4244 Sic
986 4180 1125 4256 oracula,
1143 4181 1188 4243 sic
1204 4189 1359 4258 monstra,
1375 4180 1421 4243 sic
1436 4181 1556 4258 omnia,
1572 4180 1618 4244 sic
1634 4201 1786 4264 suprema
1801 4181 1905 4244 Turni

509 4312 587 4368 uox,
606 4290 699 4354 ‘Tua
718 4299 768 4354 est
787 4290 926 4354 Lauinia
945 4291 1075 4355 coniux.
1123 4290 1270 4355 Ulterius
1289 4312 1331 4354 ue
1346 4293 1447 4355 tende
1462 4289 1587 4355 odiis⁰.‘
1633 4289 1700 4356 Sed
1717 4293 1783 4356 iam
1800 4293 1903 4356 multa

630 4481 639 4511 ¹
656 4481 744 4546 Polyb.
755 4480 800 4531 lib.
813 4498 837 4543 4.
849 4495 869 4530 c.
882 4495 921 4543 31.
1092 4481 1102 4510 ²
1119 4479 1181 4530 uod.
1193 4495 1215 4544 4.
1227 4479 1258 4529 de
1270 4480 1332 4546 Rep.
1345 4491 1367 4544 7.
1537 4482 1547 4512 ⁸
1564 4483 1630 4533 Mae.
1644 4495 1667 4545 5.
1680 4482 1732 4534 Sat.
1746 4491 1784 4547 17.

657 4563 666 4592 ⁴
683 4564 747 4615 Scal.
760 4578 783 4626 3.
795 4563 853 4614 Poe.
866 4578 898 4629 9;
917 4562 990 4612 Mint.
1005 4562 1064 4612 Poe.
1194 4563 1204 4592 ³
1221 4562 1275 4613 Plu.
1288 4563 1349 4614 Luc.
1366 4577 1401 4628 ¹5·
1415 4571 1437 4627 7.
1561 4562 1571 4592 ⁸
1587 4563 1647 4614 Tac.
1659 4581 1682 4629 4
1695 4564 1764 4614 llist.

508 4646 519 4677 ¹
537 4647 624 4711 Polyb.
636 4647 679 4698 lib.
693 4660 714 4708 3.
727 4661 748 4696 c.
758 4661 781 4710 4.
847 4645 857 4674 ⁸
874 4645 943 4709 Virg.
959 4653 980 4707 7.
992 4645 1054 4694 Aen.
1066 4644 1083 4694 l.
1096 4660 1135 4708 40.
1207 4643 1217 4674 ⁹
1234 4645 1303 4710 Virg.
1316 4645 1379 4696 Aen.
1394 4657 1415 4710 7.
1427 4645 1444 4695 l.
1456 4646 1512 4710 460,
1524 4645 1587 4709 467:
1606 4660 1645 4697 11.
1656 4647 1673 4697 l.
1685 4657 1747 4711 479:
1769 4645 1904 4710 12.l.938.
