4456 5566
1425 579 1868 592 ...ι-ψ*

466 694 508 762 52
953 687 1155 742 Arssnrcr
1184 685 1384 741 oan'rrrrs

468 933 729 1000 Christianorum
740 932 760 998 ¹.
815 931 944 997 Natura
962 931 1076 997 hostes
1095 932 1245 996 nationes
1264 941 1420 995 externas
1440 927 1609 1008 Romanis,
1629 928 1805 994 Sallustius
1822 931 1869 995 ait

467 1045 502 1109 in
524 1047 671 1110 oratione
693 1045 736 1108 ad
760 1045 936 1110 Caesarem
958 1045 1001 1108 de
1024 1042 1190 1126 republica
1215 1043 1407 1107 ordinanda.
1458 1041 1525 1105 Sed
1550 1051 1583 1105 et
1605 1041 1686 1106 illud
1709 1043 1870 1119 audimus,

468 1177 488 1221 a
503 1166 619 1221 natura
634 1156 787 1220 omnibus
803 1176 885 1230 esse,
897 1154 1022 1219 bellum
1038 1175 1169 1237 gerere:
1192 1163 1226 1218 et
1241 1153 1352 1236 itaque
1368 1152 1543 1217 Cretenses
1558 1154 1669 1216 omnia
1684 1155 1727 1217 ad
1743 1152 1868 1217 bellum

467 1267 500 1330 in
518 1267 685 1349 republica
700 1287 758 1330 sua
774 1267 981 1331 constituisse
990 1264 1013 1329 ².
1047 1264 1203 1329 Cetemm
1218 1263 1301 1328 baec
1317 1283 1380 1346 ego
1395 1282 1473 1326 uera
1489 1283 1555 1327 non
1570 1273 1661 1346 puto.
1693 1261 1766 1328 Imo
1782 1265 1869 1327 enim

470 1388 587 1442 natura
609 1397 722 1442 sumus
745 1378 876 1461 cognati
898 1375 1045 1440 omnes³.
1092 1373 1143 1439 At
1158 1375 1274 1438 uitium
1293 1373 1357 1438 hoc
1375 1384 1425 1438 est
1447 1375 1576 1456 generis
1593 1373 1737 1452 humani,
1753 1385 1789 1440 ut
1806 1376 1870 1439 dis-

470 1489 639 1554 sensiones
669 1490 744 1553 sint.
773 1489 864 1571 quod
893 1487 1030 1570 inquies,
1060 1497 1093 1550 et
1124 1486 1331 1563 indomitum,
1358 1504 1489 1567 semper
1513 1485 1547 1548 in
1573 1487 1751 1550 certamine
1775 1486 1870 1550 liber·

470 1602 556 1678 tatis,
572 1609 631 1664 aut
648 1599 781 1683 gloriae,
797 1609 855 1663 aut
873 1599 1106 1662 dominationis
1125 1599 1193 1680 agit
1202 1594 1225 1661 ⁴.
1249 1618 1335 1680 quae
1352 1595 1523 1660 Salustius.
1565 1597 1612 1660 Et
1630 1618 1737 1682 neque
1756 1619 1871 1663 caussa

453 1722 633 1775 ¹astrorum
658 1705 709 1796 (ut
731 1712 774 1774 de
795 1709 847 1772 his
873 1709 951 1773 alibi
974 1705 1132 1793 tegiturt)
1155 1708 1225 1772 siue
1251 1708 1414 1785 decursus,
1438 1708 1507 1772 siue
1533 1708 1663 1784 rotati0,
1686 1709 1739 1772 uel
1766 1709 1870 1774 latum

472 1823 581 1900 etiam,
591 1819 649 1885 sed
665 1820 828 1903 cupiditas
844 1829 878 1885 et
896 1820 1054 1884 iniustitia
1068 1819 1269 1883 hominum⁶.
1287 1818 1376 1900 quod
1389 1817 1561 1900 Agathias,
1571 1839 1720 1884 summae
1734 1822 1873 1903 scriptor

472 1933 677 1997 auctoritatis
687 1933 710 1993 ⁷.
762 1933 808 1996 Et
832 1932 943 2015 itaque
967 1930 1155 1994 hominibus
1179 1950 1254 1994 cum
1278 1929 1467 1993 hominibus
1491 1950 1558 1994 non
1583 1940 1633 1995 est
1656 1934 1873 2016 repugnantia

474 2064 534 2126 per
560 2053 720 2106 naturam.
766 2041 834 2107 Sed
862 2063 968 2126 neque
993 2041 1177 2124 antipathia
1202 2051 1252 2105 est
1279 2042 1365 2104 inter
1389 2041 1544 2104 animalia
1570 2043 1717 2106 eiusdem
1743 2045 1873 2126 speciei.

474 2155 580 2236 Igitur
595 2172 654 2218 nec
670 2154 713 2216 sit
728 2154 815 2218 inter
828 2152 986 2218 homines.
1029 2153 1148 2217 ‘Canis
1164 2153 1314 2216 caninam
1331 2172 1397 2215 non
1413 2163 1462 2216 est
1472 2151 1503 2216 ⁸.’
1545 2153 1707 2218 Diabolus
1722 2155 1873 2219 diabolos

381 2313 386 2320 .
474 2285 541 2329 non
568 2265 701 2329 uexat⁹.
732 2265 822 2329 solus
848 2264 919 2329 olor
942 2263 1067 2329 olorem
1091 2274 1149 2342 est,
1172 2273 1206 2327 et
1231 2283 1312 2345 apes
1339 2260 1516 2346 aliquando
1543 2264 1750 2346 praeliantur,
1773 2277 1873 2349 atque

474 2375 540 2439 alia
561 2396 667 2458 pauca
688 2375 843 2439 animalia
861 2376 980 2458 speciei
1004 2375 1151 2439 eiusdem
1174 2376 1259 2438 inter
1280 2395 1316 2438 se
1337 2374 1504 2438 dissident.
1550 2373 1596 2438 Et
1615 2397 1675 2440 nec
1697 2377 1759 2441 ista
1781 2377 1875 2442 aliter

474 2497 596 2566 tamen,
615 2506 717 2570 quarn
739 2487 766 2550 si
790 2487 836 2550 ita
855 2486 966 2550 tulerit
988 2506 1048 2550 res.
1085 2496 1122 2550 ut
1149 2495 1243 2550 notat
1268 2484 1476 2550 Aristoteles.
1536 2486 1603 2569 Qui
1627 2497 1660 2551 et
1682 2487 1745 2552 hoc
1772 2499 1874 2569 notat,

476 2597 577 2662 ritum
600 2597 646 2662 sic
669 2617 742 2662 esse
764 2598 945 2676 hominum,
964 2608 1000 2662 ut
1024 2598 1109 2661 inter
1132 2619 1168 2661 se
1189 2597 1255 2661 sint
1278 2595 1395 2674 infesti,
1413 2597 1440 2660 si
1459 2617 1510 2661 res
1529 2597 1647 2663 tulerit.
1693 2598 1789 2682 Quae
1810 2599 1875 2664 alia

477 2719 649 2784 causaest,
667 2729 733 2773 non
750 2718 893 2772 naturae.
934 2707 1123 2786 Amicitiae,
1138 2717 1240 2790 atque
1255 2706 1444 2771 inimicitiae
1460 2709 1493 2770 in
1509 2707 1627 2772 belluis
1643 2708 1757 2789 uictus
1773 2711 1876 2776 uitae·

476 2841 542 2904 que
565 2821 690 2884 ratione
706 2821 863 2884 existunt.
909 2818 965 2886 Sic
980 2831 1013 2884 et
1032 2819 1258 2884 efferatissima
1276 2820 1402 2900 degunt
1420 2818 1574 2902 collegio:
1598 2822 1698 2885 etiam
1717 2822 1876 2887 ferocissi-

479 2950 553 2994 mus
571 2929 623 2994 leo
642 2939 756 3012 pastus
774 2940 808 2994 et
826 2930 914 2994 lame
935 2950 1066 3009 uacans,
1084 2931 1188 2994 facilis
1206 2930 1360 3012 mitisque
1382 2950 1456 2993 cum
1474 2931 1542 2994 suis
1562 2940 1622 2996 est.
1660 2930 1773 2997 Etiam
1792 2956 1877 3018 quae

479 3042 630 3124 diuersae
647 3042 768 3124 speciei
785 3051 870 3121 sunt,
886 3043 912 3106 si
932 3043 1064 3107 abunde
1082 3043 1125 3106 sit
1143 3042 1266 3116 cibarii,
1281 3042 1315 3104 in
1334 3061 1415 3123 pace
1433 3052 1545 3123 agunt.
1591 3042 1729 3127 Alioqui
1748 3056 1780 3110 et
1801 3067 1877 3111 suos

479 3152 589 3234 pullos
604 3152 796 3235 expellunt:
819 3163 856 3217 ut
871 3153 1002 3235 aquilae
1017 3173 1154 3236 quarum
1170 3153 1261 3235 paria
1275 3151 1404 3234 singula
1418 3161 1532 3217 tenent
1552 3163 1726 3237 propterea
1741 3157 1876 3240 longum

478 3272 640 3328 tractum:
665 3284 772 3348 neque
787 3263 854 3329 ullo
870 3276 969 3347 pacto
985 3266 1155 3348 patiuntur
1168 3262 1302 3328 uicinos.

523 3374 560 3440 Si
583 3376 716 3440 abunde
739 3396 804 3440 non
823 3386 873 3440 est
893 3375 1025 3459 gloriae,
1043 3377 1278 3441 dominationis
1301 3375 1473 3458 cupiditati
1489 3375 1661 3441 hominum
1679 3380 1750 3445 sine
1767 3381 1878 3461 fundo,

478 3488 542 3553 hoc
573 3507 640 3551 non
661 3495 799 3552 naturae
828 3489 887 3566 ius,
909 3489 968 3552 sed
996 3497 1047 3553 est
1069 3489 1197 3552 uitium.
1252 3488 1350 3552 Nunc
1378 3485 1578 3552 Graecomm
1604 3488 1660 3554 illa
1686 3492 1819 3574 partitio
1845 3503 1878 3558 et

479 3601 622 3684 superba
643 3610 721 3679 erat,
744 3608 777 3665 et
801 3599 935 3665 Graecis
961 3601 1041 3684 ipsis
1064 3602 1222 3665 damnata
1232 3597 1265 3679 ¹⁰,
1288 3608 1322 3662 et
1344 3619 1404 3663 nec
1427 3600 1506 3663 satis
1528 3601 1664 3684 antiqua
1674 3600 1707 3665 ¹¹.
1754 3603 1822 3668 Sed
1845 3617 1878 3669 et

482 3711 627 3776 Hebraei
643 3712 792 3776 damnati
808 3721 884 3776 sunt
898 3712 978 3792 aliis,
993 3713 1083 3796 quod
1102 3733 1138 3776 se
1159 3714 1249 3795 ipsos
1272 3721 1400 3795 partem
1423 3710 1593 3776 hominum
1612 3713 1788 3786 duxerunt.
1809 3726 1841 3782 et
1858 3738 1880 3781 a

480 3820 613 3904 reliquis
638 3842 674 3886 se
700 3823 914 3887 seiunxerunt
923 3821 957 3887 ¹2.
1002 3822 1092 3888 Sane
1120 3823 1184 3887 hae
1210 3831 1345 3887 naturae
1372 3842 1432 3886 nec
1463 3821 1604 3901 Graecis,
1629 3845 1689 3890 nec
1718 3826 1880 3892 Hebraeis

481 3953 553 3997 esse
570 3933 756 3997 debuemnt
774 3935 817 3997 ad
833 3933 1050 3999 hostilitatem
1074 3953 1148 3998 cum
1167 3933 1309 4016 reliquis.
1355 3933 1406 3998 Ut
1424 3933 1466 3997 de
1484 3933 1546 3998 hac
1562 3956 1621 3999 nos
1639 3937 1826 4018 quaerimus
1846 3939 1879 4003 in

482 4043 677 4125 praesentia.
723 4043 868 4126 Populus
887 4044 1010 4127 alioqui
1035 4044 1100 4108 Dei
1118 4045 1298 4109 rectissime
1320 4045 1363 4108 ab
1385 4045 1475 4108 omni
1497 4055 1598 4128 gente
1619 4047 1882 4131 distinguebatur

546 4317 628 4369 ¹Alc.
642 4327 664 4381 7.
676 4333 744 4368 cons.
757 4331 780 4380 5.
853 4315 1149 4366 ’Aelndetnstane
1221 4313 1263 4364 ⁸1.
1277 4330 1299 4379 3.
1311 4315 1342 4366 de
1354 4315 1410 4368 iust.
1419 4318 1463 4380 (D.
1477 4322 1537 4384 nr).
1620 4321 1722 4374 ‘Prise
1733 4325 1776 4375 lib.
1789 4341 1812 4389 5.

662 4398 890 4465 ‘Agat-nGoth.
905 4414 927 4450 1.
1025 4397 1302 4448 ⁸Amob.1.Co.Ge.
1400 4399 1699 4470 ⁷B0d.ult.deRep.5.

612 4484 623 4514 ⁸
639 4483 716 4533 Arist.
728 4497 752 4548 9.
765 4481 834 4532 Hist.
848 4495 869 4532 1.
884 4497 905 4533 a.
919 4482 957 4531 18.
971 4496 1008 4531 η.
1023 4495 1060 4546 ²4·
1072 4494 1112 4545 4ο.
1124 4495 1166 4544 44.
1305 4481 1315 4512 ⁹
1332 4481 1446 4534 Bertacb.
1457 4501 1476 4534 s.
1489 4500 1513 4534 u.
1524 4485 1618 4548 Iudaei,
1631 4491 1668 4553 (p.
1682 4491 1750 4554 ¹²9)-

658 4565 676 4596 ω
693 4565 746 4616 Pla.
758 4563 832 4615 Polit.
846 4567 882 4630 (p.
896 4563 964 4629 262).
1129 4561 1145 4591 ¹¹
1162 4561 1344 4628 Thuc.1.c.3.
1508 4567 1526 4598 ¹²
1543 4578 1581 4632 37.
1593 4568 1652 4620 Dio.
1664 4579 1702 4634 17.
