4604 5562
746 711 805 763 DE
834 709 936 764 IURE
969 709 1102 779 BELLI,
1132 709 1258 779 LIB.I‚
1290 709 1377 765 CAP.
1401 710 1486 766 XXI.
1773 713 1814 783 95

426 960 531 1028 uenta,
549 953 643 1017 addit
666 953 789 1031 Liuius,
809 973 868 1016 nec
888 952 1056 1017 hominem
1078 954 1120 1017 de
1140 952 1244 1035 plebe,
1260 963 1296 1016 ut
1316 953 1404 1016 credi
1424 961 1535 1034 posset
1558 954 1709 1018 mercede
1732 955 1817 1016 mili-

424 1071 518 1138 tasse,
538 1064 596 1126 sed
616 1063 778 1145 principes
796 1065 931 1146 quidem
951 1065 1130 1129 iuuentutis
1150 1065 1283 1142 inuenti,
1300 1063 1474 1127 manifesta
1493 1063 1584 1143 fides,
1599 1084 1663 1147 ope
1683 1065 1816 1147 publica

425 1173 564 1238 Uolscos
579 1174 718 1240 adiutos.
762 1175 859 1259 Quae
877 1175 1116 1258 disputationes
1135 1185 1212 1239 sunt
1230 1196 1288 1258 pro
1304 1175 1368 1239 illis
1385 1175 1496 1252 Gallis,
1512 1177 1688 1257 dequibus
1704 1177 1817 1241 notaui

424 1295 519 1350 antea
534 1285 567 1349 in
583 1286 649 1352 fine
664 1287 781 1370 capitis
796 1288 914 1370 quarti.
953 1288 998 1351 Et
1014 1288 1080 1352 scio
1096 1298 1207 1351 tamen
1223 1287 1425 1352 coniecturas
1440 1285 1500 1350 has
1516 1307 1587 1351 esse
1602 1288 1699 1352 ualde
1714 1288 1817 1354 incer·

423 1406 481 1463 tas.
526 1400 604 1462 Non
625 1399 725 1462 etiam
745 1400 951 1482 obstringent
970 1401 1225 1478 uniuersitatem,
1241 1400 1267 1463 si
1290 1400 1336 1462 illi
1357 1399 1444 1482 capti
1465 1399 1511 1463 sic
1531 1410 1645 1463 contra
1666 1401 1817 1465 ciuitates

424 1530 506 1588 suas,
524 1520 561 1574 ut
583 1510 695 1574 Latini
718 1510 774 1590 illi,
793 1521 826 1575 et
851 1511 985 1576 Hernici
1008 1511 1122 1576 secisse
1145 1512 1305 1589 dicuntur,
1324 1512 1413 1593 quod
1437 1511 1569 1592 publico
1592 1522 1701 1576 essent
1726 1513 1817 1577 missi

425 1620 567 1700 consilio,
582 1630 788 1687 testarentur.
833 1623 952 1705 Neque
971 1625 1057 1686 enim
1079 1622 1140 1686 nisi
1157 1622 1229 1687 leue
1245 1621 1323 1687 iacit
1344 1622 1500 1686 indicium
1520 1623 1653 1687 testatio
1672 1624 1741 1687 eius
1759 1625 1816 1707 qui

424 1733 477 1812 ait,
496 1734 689 1798 mandatum
716 1734 778 1798 sibi
805 1733 1001 1799 maleficium
1028 1735 1179 1798 extitisse
1189 1734 1209 1799 ¹.
1255 1734 1333 1796 Non
1356 1734 1426 1797 eius
1451 1734 1568 1817 probat
1590 1735 1816 1798 testimonium

425 1845 477 1927 qui
496 1865 626 1927 sperare
646 1848 857 1911 commodum
877 1867 976 1910 exeo
991 1854 1101 1930 potest
1122 1846 1211 1928 quod
1229 1866 1289 1928 pro
1308 1846 1497 1910 testimonio
1512 1847 1599 1910 dicit.
1631 1856 1667 1910 ut
1685 1867 1816 1929 sperare

425 1957 476 2020 isti
491 1957 610 2040 priuati
628 1969 767 2040 possunt
786 1960 990 2023 maximum:
1014 1958 1070 2041 qui
1089 1958 1138 2022 ius
1154 1957 1231 2022 belli
1246 1958 1293 2022 sic
1307 1957 1485 2035 habebunt,
1501 1959 1528 2021 si
1544 1979 1564 2022 a
1579 1959 1711 2042 publico
1726 1960 1817 2024 missi

425 2079 499 2132 sunt
508 2067 529 2134 ².
566 2069 603 2134 Si
618 2071 675 2152 qui
690 2056 904 2135 uerehabent
920 2071 1114 2134 mandatum
1129 2091 1149 2132 a
1164 2068 1306 2152 publico,
1321 2069 1432 2133 dicant
1446 2078 1568 2149 tamen,
1583 2091 1649 2134 non
1665 2091 1709 2134 ex
1726 2092 1817 2135 man-

424 2182 501 2245 dato
517 2181 632 2246 iecisse
646 2203 690 2260 se,
706 2184 764 2246 sed
780 2191 899 2264 sponte
914 2203 993 2247 sua:
1012 2202 1075 2264 ego
1090 2181 1241 2262 putarim,
1258 2201 1323 2244 non
1339 2201 1410 2246 esse
1426 2182 1594 2265 publicum
1610 2187 1816 2248 excusatum.

425 2293 484 2356 etsi
501 2295 533 2356 in
549 2293 620 2357 aliis
635 2294 765 2358 casibus
783 2295 830 2359 sic
850 2294 999 2358 excusari
1021 2293 1196 2358 mandator
1216 2292 1300 2356 solet
1310 2291 1330 2356 ³.
1354 2313 1431 2356 nam
1446 2293 1499 2357 hic
1514 2302 1667 2358 tenentur
1683 2296 1818 2358 manda·

422 2404 492 2468 tarii
509 2405 562 2468 isti
580 2424 694 2488 parere
708 2405 817 2470 iussui.
840 2405 952 2487 itaque
967 2404 1168 2470 necessariae
1184 2423 1302 2468 causae
1317 2404 1415 2467 tribui
1432 2403 1555 2468 iactum
1570 2416 1722 2488 oporteat
1731 2405 1753 2471 ⁴.

466 2514 521 2579 Sic
556 2515 655 2597 igitur
686 2516 834 2598 priuatus
869 2536 935 2580 non
965 2525 1062 2580 nocet
1092 2515 1304 2579 uniuersitati.
1350 2517 1396 2579 Et
1426 2517 1472 2580 sic
1502 2517 1582 2580 illud
1614 2519 1646 2581 in
1676 2517 1817 2583 formula

424 2625 601 2702 foederum,
642 2625 682 2690 S1
720 2639 885 2690 ouruxrr
929 2639 1086 2692 Pusurco
1125 2639 1308 2690 cousrmo.
1375 2626 1623 2709 Iniquissimum
1664 2630 1817 2694 uidelicet

426 2736 654 2812 existimarint,
674 2746 711 2800 ut
738 2757 820 2801 unus
846 2736 963 2820 aliquis
989 2737 1117 2800 trahere
1139 2736 1262 2800 bellum
1290 2745 1402 2802 contra
1424 2737 1602 2818 ciuitatem,
1622 2750 1680 2804 aut
1704 2751 1818 2805 contra

426 2868 561 2931 regnum
583 2848 747 2930 integrum
774 2849 887 2931 possit.
931 2847 1044 2931 Quam
1067 2849 1214 2931 priuatus
1237 2849 1314 2914 lecit
1335 2849 1494 2929 iniuriam,
1517 2871 1583 2914 non
1606 2851 1707 2915 debet
1729 2852 1818 2916 luere

426 2958 617 3042 respublica.
677 2959 755 3022 Rex
786 2958 913 3022 Galliae
943 2959 1210 3042 conquerebatur,
1242 2969 1368 3024 emtum
1399 2961 1551 3024 Uenetiis
1584 2973 1817 3042 commeatum,

426 3080 458 3134 et
472 3071 640 3154 puluerem
656 3070 913 3148 tormentarium,
928 3072 1170 3153 aduectumque
1184 3071 1335 3136 hostibus
1351 3071 1449 3135 suist.
1495 3072 1564 3137 Sed
1580 3075 1818 3155 responderunt

427 3181 556 3262 Ueneti,
571 3181 740 3246 ciuitatem
755 3180 846 3244 illam
862 3181 1006 3260 liberam,
1022 3183 1078 3245 ubi
1097 3184 1219 3246 nemini
1235 3204 1393 3265 umquam
1412 3184 1621 3248 interdictum
1637 3185 1818 3267 negotiari:

426 3303 458 3357 et
475 3294 599 3357 iactum
618 3292 697 3356 illud
713 3314 733 3356 a
748 3291 885 3374 priuatis
906 3292 1139 3356 mercatoribus
1160 3292 1269 3358 luisse.
1311 3293 1378 3358 Sed
1401 3293 1545 3358 Romani
1565 3293 1677 3358 tamen
1695 3297 1818 3362 iustum

426 3425 490 3468 non
517 3413 683 3486 putarunt,
702 3403 791 3485 quod
818 3403 986 3485 respondit
1010 3402 1123 3466 Teuca
1149 3403 1260 3484 regina
1288 3403 1482 3486 Illyriorum,
1503 3413 1688 3468 curaturam
1715 3427 1758 3484 se,
1777 3427 1819 3469 ne

426 3536 491 3598 qua
505 3516 548 3578 ab
565 3514 686 3596 Illyriis
702 3514 768 3577 suis
783 3514 898 3577 iniuria
914 3513 1043 3596 publice
1060 3513 1221 3576 Romanis
1236 3512 1423 3576 hominibus
1442 3513 1631 3578 inferretur:
1654 3516 1818 3597 priuatam

427 3635 536 3690 autem
556 3625 687 3708 Illyrios
703 3647 721 3689 e
737 3625 818 3688 mari
837 3645 954 3708 capere
970 3623 1145 3688 utilitatem
1163 3623 1343 3706 prohibere,
1360 3644 1425 3687 non
1445 3644 1516 3688 esse
1534 3625 1664 3707 regibus
1683 3647 1819 3690 consue·

428 3738 527 3802 tumt
575 3739 663 3801 Nam
687 3737 926 3819 responderunt
949 3735 1024 3800 huic
1047 3735 1249 3817 responsioni
1274 3734 1426 3813 Romani,
1449 3734 1576 3817 sibique
1599 3756 1724 3800 morem
1747 3759 1819 3801 esse

428 3850 598 3932 optimum,
613 3848 759 3930 priuatas
781 3847 913 3911 iniurias
931 3845 1041 3910 ulcisci
1063 3845 1202 3928 publice,
1219 3853 1252 3908 et
1275 3845 1385 3908 iuuare
1408 3845 1533 3910 laesos:
1556 3847 1706 3929 adeoque
1723 3850 1819 3912 datu-¹

428 3978 479 4023 ros
508 3979 652 4042 operam,
678 3968 715 4022 ut
741 3966 910 4040 cogeretur
936 3957 991 4021 illa
1017 3957 1123 4040 regias
1149 3955 1326 4020 illiusmodi
1356 3958 1610 4023 consuetudines
1636 3963 1819 4027 emendare.

429 4071 542 4136 Recte.
573 4090 650 4134 nam
671 4077 801 4133 tenetur
819 4069 935 4133 ciuitas
953 4069 1058 4133 ciuem
1077 4067 1284 4132 defenderet.

471 4183 515 4246 Et
534 4181 588 4245 hic
600 4182 674 4246 dico
687 4200 758 4264 egn,
769 4180 852 4244 duas
865 4200 936 4244 esse
948 4179 1176 4262 quaestiones:
1195 4178 1341 4258 alteram,
1353 4178 1380 4241 si
1392 4177 1514 4242 iactum
1530 4181 1732 4263 priuatorum
1745 4183 1819 4247 ilico

480 4429 489 4459 ¹
504 4431 570 4482 Clar.
584 4435 596 4490 ς
609 4429 634 4479 i.
647 4443 671 4494 q.
684 4441 730 4485 τις
747 4425 826 4492 Ceph.
838 4441 905 4476 cons.
921 4439 975 4488 113.
1052 4425 1062 4454 ⁸
1079 4425 1135 4474 Bar.
1147 4424 1164 4473 l.
1178 4423 1216 4472 18.
1228 4422 1259 4474 de
1270 4424 1303 4474 iu.
1316 4423 1340 4473 fi.
1354 4423 1400 4486 (D.
1411 4439 1452 4490 49.
1466 4426 1525 4487 14);
1542 4426 1598 4476 Alc.
1610 4425 1633 4475 6.
1645 4441 1712 4476 cons.
1726 4439 1764 4488 15.

571 4513 581 4543 ⁸
597 4511 659 4562 Dec.
673 4523 695 4574 3.
708 4523 773 4560 cons.
788 4522 843 4572 ¹⁰4
968 4506 978 4535 ⁴
993 4506 1010 4557 l.
1025 4520 1046 4558 1.
1057 4507 1088 4557 de
1100 4506 1173 4557 solut.
1187 4505 1285 4570 (124⁶.
1298 4505 1334 4568 3).
1464 4505 1474 4536 ⁸
1490 4505 1576 4556 Guicc.
1587 4507 1631 4558 lib.
1644 4521 1666 4570 5.

759 4591 847 4656 Polyb.
859 4589 903 4641 lib.
917 4604 937 4640 a.
949 4605 971 4639 c.
984 4589 1007 4637 8.
1251 4586 1261 4615 ¹
1275 4585 1327 4636 Bal.
1339 4603 1362 4650 4
1375 4602 1442 4638 cons.
1457 4587 1511 4638 106.
