4604 5562
500 696 542 775 56
984 705 1187 760 ALBERICI
1214 705 1414 759 GENTILIS

500 949 674 1012 decentem
690 950 861 1014 uictoriam
870 947 891 1014 ¹.
937 948 1070 1015 Scilicet
1090 949 1294 1032 iniquissima
1312 959 1362 1014 est
1380 949 1589 1028 conflictatio,
1605 952 1660 1015 ubi
1679 962 1772 1035 parte
1794 953 1899 1017 altera

501 1070 623 1143 agente
638 1062 762 1144 patitur
776 1071 907 1127 tantum
922 1061 1025 1126 altera
1033 1061 1055 1126 ¹.
1100 1062 1146 1126 Et
1162 1061 1250 1126 idem
1266 1082 1285 1124 a
1302 1060 1420 1144 legatis
1436 1061 1639 1146 Gepidarum
1656 1063 1791 1143 dictum,
1807 1064 1896 1146 quod

501 1174 557 1255 qui
573 1182 659 1237 stare
674 1173 812 1238 aliorum
828 1173 1010 1239 sententiae
1025 1175 1168 1251 student,
1183 1173 1217 1236 hi
1230 1172 1343 1238 uiolari
1358 1194 1424 1238 non
1440 1175 1510 1239 sine
1525 1175 1641 1239 iniuria
1657 1177 1783 1258 possint
1792 1175 1814 1240 ³.
1848 1174 1898 1242 At

500 1282 583 1348 haec
606 1305 673 1348 non
695 1286 861 1368 pertinent
883 1284 926 1349 ad
949 1284 1118 1349 iustitiam.
1162 1284 1251 1348 Nam
1275 1285 1360 1348 iusta
1383 1295 1433 1348 est
1456 1285 1613 1365 defensio,
1632 1297 1665 1350 et
1688 1287 1814 1364 caedes,
1835 1288 1897 1350 etsi

500 1394 613 1477 fugere
635 1397 789 1460 occidens
811 1397 916 1478 possit
937 1396 1062 1478 absque
1084 1395 1237 1476 periculo,
1256 1405 1289 1459 et
1312 1397 1359 1460 ita
1377 1417 1412 1460 se
1429 1415 1567 1460 seruare.
1614 1398 1659 1461 Et
1682 1398 1751 1461 siue
1773 1399 1898 1462 occisor

500 1506 571 1585 iste,
594 1508 649 1590 qui
676 1529 712 1571 se
737 1507 895 1585 defendit
919 1507 989 1570 eius
1015 1507 1058 1570 sit
1084 1506 1285 1571 condicionis
1308 1508 1359 1570 cui
1385 1507 1428 1571 sit
1454 1517 1487 1571 et
1511 1508 1656 1573 dedecus
1682 1507 1804 1591 fugere,
1827 1509 1897 1572 siue

499 1617 643 1682 dedecus
670 1639 734 1682 non
761 1619 813 1682 sit.
859 1618 956 1702 Quae
982 1626 1133 1700 receptae
1154 1618 1338 1681 sententiae
1359 1619 1393 1681 in
1416 1619 1539 1682 caussis
1561 1627 1639 1682 sunt
1661 1621 1864 1702 priuatorum
1873 1617 1896 1684 ⁴.

499 1728 545 1793 Et
560 1728 641 1792 mihi
659 1730 693 1793 in
712 1730 852 1812 publicis
872 1729 977 1794 multo
996 1727 1102 1810 magis
1120 1729 1311 1810 probantur.
1357 1728 1518 1794 Defensio
1536 1731 1637 1794 etiam
1655 1731 1760 1794 brutis
1777 1731 1828 1794 ius
1845 1739 1896 1794 est

499 1840 678 1904 naturae:⁵
712 1860 779 1904 non
801 1841 955 1923 opinione
979 1840 1083 1915 nobis,
1107 1841 1166 1906 sed
1189 1841 1302 1904 innata
1318 1841 1463 1922 quadam
1485 1841 1527 1919 ui,
1542 1861 1735 1924 persuasum
1762 1852 1795 1906 et
1818 1863 1896 1906 con·

498 1953 651 2016 stitutum
661 1950 683 2015 ¹.
730 1950 774 2014 Et
805 1953 1023 2016 necessarium
1053 1952 1104 2014 ius
1128 1960 1187 2015 est.
1217 1952 1397 2034 namquid
1421 1953 1583 2034 estquod
1607 1960 1722 2016 contra
1745 1954 1811 2016 uim
1835 1949 1895 2038 (ait

500 2061 629 2148 Cicero)
655 2063 724 2126 fieri
750 2063 821 2126 sine
848 2064 880 2126 ui
907 2059 1033 2145 possit?
1079 2061 1156 2126 Hoc
1183 2081 1280 2144 super
1305 2063 1418 2127 omnia
1443 2063 1513 2126 iura
1539 2073 1590 2127 est
1616 2064 1895 2145 probatissimum.

499 2175 579 2240 Uim
609 2175 641 2237 ui
673 2173 838 2256 repellere,
863 2194 979 2238 omnes
1009 2173 1108 2256 leges,
1133 2182 1167 2237 et
1197 2174 1308 2237 omnia
1333 2173 1405 2237 iura
1434 2174 1628 2256 permittunt
1638 2175 1660 2237 ¹.
1715 2175 1792 2240 Lex
1822 2196 1895 2254 una,

497 2295 531 2350 et
562 2295 731 2369 perpetua,
761 2285 903 2349 salutem
938 2286 1028 2349 omni
1064 2285 1191 2349 ratione
1224 2284 1402 2350 defendere
1410 2283 1433 2349 ¹.
1502 2284 1645 2350 ‘Omnis
1674 2295 1725 2350 est
1754 2284 1894 2351 honesta

495 2399 602 2462 ‘ratio
633 2397 863 2480 expediendae
895 2396 1021 2460 salutis.
1066 2395 1128 2461 hoc
1158 2397 1243 2460 ratio
1273 2396 1389 2473 doctis,
1423 2397 1600 2460 necessitas
1636 2396 1791 2476 barbaris,
1821 2419 1894 2462 mos

496 2509 680 2592 ‘gentibus
706 2507 783 2572 feris
809 2517 927 2572 natura
949 2508 1022 2590 ipsa
1047 2508 1265 2590 praescripsit.
1312 2507 1358 2570 Et
1384 2506 1466 2571 haec
1487 2527 1553 2570 non
1577 2507 1707 2590 scripta,
1732 2511 1792 2574 sed
1817 2519 1895 2573 nata

494 2620 574 2684 ‘lex
584 2617 614 2685 ¹.’
661 2619 747 2686 Cum
771 2620 804 2683 id
826 2638 931 2701 genus
948 2618 1031 2682 aliis.
1077 2619 1144 2683 Hic
1165 2627 1278 2682 tamen
1302 2618 1344 2681 de
1367 2619 1468 2682 modo
1491 2627 1525 2682 et
1546 2619 1672 2683 ratione
1693 2619 1892 2684 defensionis

495 2751 561 2795 non
594 2731 680 2795 dico.
718 2733 807 2814 quod
841 2731 985 2814 pertinet
1016 2731 1057 2794 ad
1089 2739 1265 2813 sequentes
1294 2729 1404 2794 libros.
1458 2729 1526 2793 Res
1556 2731 1657 2794 etiam
1691 2741 1727 2796 ut
1765 2743 1893 2797 nostras

494 2842 722 2921 defendamus,
744 2843 927 2906 necessaria
953 2838 1057 2926 (quod
1082 2850 1117 2906 et
1139 2839 1299 2927 diximus)
1323 2841 1470 2906 defensio
1493 2840 1575 2906 haec
1599 2840 1692 2908 est¹⁰.
1737 2843 1783 2908 Et
1807 2846 1893 2909 iusta

494 2954 576 3018 haec
607 2974 714 3032 causa,
738 2954 839 3018 etiam
867 2955 894 3016 si
924 2952 1013 3017 bello
1039 2953 1134 3036 petiti
1159 2952 1284 3017 bellum
1310 2953 1478 3035 promeriti
1509 2973 1570 3016 nos
1596 2973 1750 3019 essemus.
1797 2955 1892 3038 Quae

494 3064 559 3142 alii,
598 3075 632 3129 et
673 3064 795 3130 Paulus
837 3065 1022 3130 Castrensis
1061 3066 1213 3129 docuere.
1272 3062 1388 3147 Atque
1429 3084 1549 3146 sequor
1589 3085 1662 3146 ego,
1717 3065 1764 3128 Et
1800 3067 1891 3130 illam

493 3178 582 3242 addo
620 3178 792 3255 rationem,
829 3177 987 3260 quoniam
1021 3178 1072 3240 ius
1108 3177 1178 3239 siue
1215 3176 1265 3239 uis
1302 3175 1379 3239 belli
1414 3196 1480 3240 non
1514 3174 1626 3240 finitur
1658 3179 1893 3243 consecutione

493 3290 583 3372 prius
612 3289 846 3372 carpentorum,
872 3297 907 3352 at
934 3308 994 3371 pro
1019 3288 1152 3352 uictoris
1181 3288 1316 3351 arbitrio
1348 3288 1508 3352 ambulat.
1563 3288 1665 3372 ‘Quis
1694 3292 1891 3354 tantundem

493 3404 691 3465 ‘contentus
713 3419 872 3483 reponere
890 3400 1064 3478 uindictae,
1084 3408 1246 3482 quantum
1268 3399 1396 3481 accepit
1418 3397 1587 3462 iniuriae?'
1610 3400 1657 3463 ait
1673 3399 1892 3482 Augustinus,

492 3522 527 3578 et
543 3513 649 3577 sciunt
664 3530 780 3576 omnes
789 3508 823 3574 ¹¹.
863 3511 940 3575 Hoc
956 3531 1034 3574 uero
1049 3511 1219 3575 arbitrium
1235 3511 1385 3592 refugere
1400 3530 1516 3574 omnes
1532 3530 1598 3573 non
1613 3511 1737 3574 subditi
1752 3521 1890 3594 possunt

492 3626 585 3688 iuste.
632 3623 678 3688 Et
698 3643 776 3705 ergo
794 3644 829 3686 se
847 3624 1024 3687 aduersum
1041 3623 1141 3687 armis
1159 3621 1345 3687 defendere.
1402 3620 1530 3698 Testes,
1548 3620 1672 3685 iudices
1690 3622 1890 3704 repelluntur

491 3735 636 3798 inimici:
671 3734 733 3798 etsi
766 3754 918 3798 caussam
949 3735 1126 3798 inimicitiis
1157 3735 1308 3798 dederint
1338 3731 1372 3796 hi
1402 3742 1515 3797 contra
1545 3752 1629 3814 quos
1660 3753 1746 3797 nunc
1773 3735 1890 3816 agitur.

492 3845 667 3928 Exceptio,
683 3846 772 3928 quod
791 3845 862 3928 ipse
880 3845 977 3910 fuerit
996 3865 1094 3909 eausa
1105 3846 1309 3924 inimicitiae,
1325 3865 1391 3908 non
1412 3844 1523 3908 obstat
1541 3843 1676 3926 petenti,
1691 3847 1798 3908 caueri
1817 3847 1888 3926 sibi,

491 3975 556 4020 non
578 3956 740 4020 offensum
767 3957 805 4019 iri
815 3955 848 4020 ¹².
893 3956 1019 4020 ‘Arma
1036 3957 1163 4021 tenenti
1187 3958 1300 4020 omnia
1317 3957 1385 4034 dat,
1403 3957 1459 4039 qui
1483 3957 1568 4020 iusta
1585 3955 1728 4039 negat?
1756 3957 1888 4022 dicebat

492 4066 614 4131 Caesar
623 4065 656 4132 ¹¹.
713 4068 785 4132 Nec
808 4068 851 4131 de
874 4070 1097 4132 moderamine
1120 4068 1173 4132 hic
1196 4068 1252 4132 illo
1274 4071 1443 4152 quaeritur
1466 4068 1643 4150 inculpato,
1672 4069 1727 4132 ubi
1754 4089 1814 4134 nec
1838 4079 1888 4134 est

894 4219 979 4224 ——.
1033 4219 1122 4224 —-—
1129 4220 1136 4225 .
1144 4219 1184 4224 ..-
1279 4219 1350 4227 -.....
1386 4221 1458 4226 ---
1493 4221 1540 4226 .-.-
1563 4220 1638 4226 —-.

488 4291 614 4357 ¹Procop.
628 4305 649 4340 1.
662 4289 739 4340 Goth.
750 4303 772 4352 3.
813 4288 888 4340 'Phi
900 4291 931 4341 de
943 4292 1010 4342 Prin.
1021 4293 1056 4357 (p.
1073 4293 1139 4357 729).
1193 4292 1319 4356 ¹Procop.
1333 4307 1355 4356 3.
1369 4291 1445 4343 Goth.
1455 4307 1494 4357 34.
1538 4291 1886 4357 ‘Clanfflomicidiumqn

538 4373 1087 4440 ⁵1.3.deiust.<1).1.1);1.4.ad1e.Aq.
1101 4373 1232 4438 (D.9.2);
1251 4375 1409 4439 Cepncons.
1423 4387 1477 4438 721.
1603 4375 1838 4427 ‘Ciealnuna

586 4459 595 4488 ¹
613 4477 634 4511 e.
647 4471 669 4522 3.
681 4459 712 4508 de
723 4469 784 4509 sent·
795 4474 858 4515 exet
871 4475 892 4509 c.
906 4461 943 4509 18.
954 4459 986 4509 de
997 4457 1115 4507 homicid.
1224 4457 1233 4486 ¹
1251 4456 1359 4507 Ammia.
1375 4471 1412 4519 ²3·
1528 4457 1538 4487 ¹
1554 4458 1608 4509 Cic.
1620 4475 1666 4525 pro
1679 4459 1750 4508 Milo.
1763 4458 1786 4509 6.

570 4543 587 4574 ¹⁰
603 4544 684 4594 Castr.
696 4543 712 4593 l.
726 4559 748 4608 5.
759 4542 791 4594 de
802 4545 857 4594 iust.
871 4542 915 4607 (D.
927 4556 948 4590 1.
960 4541 993 4604 1).
1064 4539 1082 4569 ¹¹
1100 4541 1166 4604 Aug.
1181 4553 1219 4604 19.
1231 4547 1297 4588 cont.
1312 4538 1372 4589 Fau.
1386 4552 1424 4603 ²5·
1500 4538 1521 4569 ¹¹
1537 4541 1594 4607 Rip.
1606 4542 1659 4593 rub.
1671 4541 1702 4592 de
1713 4543 1751 4594 da.
1764 4542 1805 4592 inf.

945 4625 964 4656 ¹⁸
980 4625 1071 4675 Conar.
1083 4623 1146 4688 Reg.
1158 4622 1298 4682 Peccatum,
1310 4637 1336 4686 p.
1351 4635 1371 4670 a.
1386 4627 1398 4684 5
1412 4637 1436 4688 9.
