4604 5562
489 645 531 708 68
975 657 1178 712 ALBERICI
1205 659 1406 712 GENTILIS

489 910 638 986 superest
661 902 881 986 magistratus,
904 903 959 984 qui
983 902 1094 966 ulcisci
1117 903 1319 984 priuatorum
1346 903 1478 966 iniurias
1501 911 1535 966 et
1558 901 1733 966 emendare
1765 899 1889 962 damna

468 1023 611 1099 ‚potest
642 1025 685 1093 at,
701 1003 757 1097 qui
777 1014 909 1078 iniurias
932 1023 966 1078 et
982 1016 1103 1078 damna
1126 1015 1310 1097 principum
1329 1015 1456 1092 sarciat,
1472 1014 1580 1078 nullus
1596 1021 1654 1091 est,
1670 1012 1731 1076 nisi
1754 1011 1781 1074 is
1799 1009 1888 1073 idem

489 1125 651 1209 princeps,
675 1124 731 1207 qui
755 1135 830 1207 post
854 1124 946 1189 malit
975 1125 1062 1188 malo
1093 1126 1289 1190 medicinam
1312 1126 1404 1203 ferre,
1426 1145 1526 1208 quam
1549 1146 1570 1188 a
1592 1122 1752 1206 principio
1778 1119 1889 1203 prohi-

489 1236 567 1300 bere
589 1235 659 1299 fieri
681 1236 816 1301 malum.
862 1236 958 1301 Haec
980 1258 1066 1300 uera.
1112 1237 1179 1301 Sed
1204 1245 1238 1301 et
1260 1237 1341 1301 illud
1363 1246 1459 1319 potes
1481 1256 1555 1300 cum
1580 1234 1696 1311 Baldo,
1715 1233 1804 1316 qnod
1828 1230 1888 1296 etsi

489 1345 571 1412 haec
590 1368 667 1411 uera
691 1367 756 1410 non
780 1357 890 1411 essent
913 1368 956 1412 ex
980 1348 1187 1431 philosophia
1207 1349 1420 1427 iudiciorum;
1443 1368 1529 1430 quae
1548 1348 1589 1410 de
1609 1346 1797 1410 necessariis
1818 1353 1888 1408 est:

490 1466 566 1521 sunt
582 1465 671 1522 certe
687 1478 764 1521 uera
780 1479 823 1522 ex
839 1458 1047 1542 philosophia
1064 1481 1212 1538 morum;
1231 1467 1382 1541 quaeest
1398 1459 1439 1522 de
1455 1457 1617 1540 persuasis
1627 1455 1647 1535 ¹,
1664 1467 1697 1522 et
1712 1477 1813 1539 quam
1829 1475 1890 1519 nos

490 1568 656 1651 sequimur
674 1567 918 1652 philosophiam
941 1571 972 1632 in
991 1579 1064 1634 toto
1085 1570 1148 1635 hoc
1171 1579 1321 1634 tractatu.
1367 1567 1579 1651 Philosophia
1602 1568 1793 1632 iudiciorum
1817 1586 1890 1648 per-

490 1681 603 1760 mittit,
621 1689 654 1745 et
677 1701 712 1744 se
733 1681 841 1764 ipsum
864 1680 1039 1764 negligere.
1099 1681 1148 1746 Ut
1171 1681 1295 1746 Baldus
1317 1680 1439 1745 scribit.
1483 1679 1584 1762 Quod
1607 1680 1634 1742 si
1657 1685 1890 1762 praetereant

490 1791 610 1855 accidit
625 1791 693 1854 fere
713 1812 853 1873 semper,
868 1791 932 1855 alia
948 1813 1063 1857 caussa
1080 1792 1231 1874 specialis
1246 1792 1433 1874 adiungitur
1448 1789 1524 1855 huic
1538 1789 1683 1873 generali
1699 1788 1889 1862 honestatis,

490 1902 533 1965 ad
549 1900 706 1965 iustitiam
721 1903 857 1965 accedet
873 1923 988 1968 caussa
1003 1903 1148 1985 propius.
1186 1903 1275 1967 Sane
1291 1923 1367 1966 uera
1387 1902 1430 1965 sit
1451 1923 1510 1985 per
1524 1922 1577 1965 me
1592 1901 1765 1977 sententia,
1785 1899 1890 1963 solam

490 2009 576 2076 hanc
598 2011 781 2077 honestatis
804 2032 952 2077 caussam
971 2013 1118 2078 fortassis
1134 2035 1314 2097 numquam
1333 2033 1534 2096 quemquam
1553 2011 1722 2096 impulisse
1741 2011 1774 2074 in
1792 2011 1890 2075 istam

491 2123 716 2188 defensionem
737 2123 920 2189 honestam.
966 2125 1056 2190 Uere
1073 2125 1196 2189 dixerit
1215 2123 1434 2190 Guicciardini
1452 2146 1498 2202 os,
1521 2124 1702 2207 principem
1725 2122 1891 2186 neminem

491 2246 719 2317 suscepturum
735 2257 794 2318 pro
811 2236 938 2300 Pisanis
953 2236 1087 2312 bellum,
1105 2237 1165 2300 nisi
1182 2237 1362 2320 cupiditate
1378 2237 1549 2300 inductum
1566 2236 1647 2300 lucri
1665 2235 1714 2298 sui
1723 2233 1745 2298 ².
1789 2232 1891 2297 Atta-

492 2367 568 2410 men
587 2347 620 2410 id
640 2347 840 2429 principibus
856 2357 906 2412 est
921 2349 1185 2432 ignominiosum,
1201 2357 1234 2412 et
1250 2349 1408 2412 iustitiam
1424 2367 1489 2411 non
1505 2348 1600 2429 sapit.
1646 2345 1763 2410 Malim
1779 2354 1891 2410 autem

492 2477 568 2521 cum
593 2457 706 2522 Leone
730 2457 937 2543 philosopho,
959 2461 1141 2525 ‘Nouimus
1163 2481 1287 2542 paucos
1304 2459 1488 2523 admodum
1511 2479 1641 2522 seruare
1663 2478 1777 2522 uerum
1800 2477 1892 2521 amo·

489 2573 606 2646 ‘rem3
629 2569 763 2652 eiusque
781 2571 877 2633 unius
895 2571 1001 2653 gratia
1020 2573 1063 2634 ad
1082 2570 1312 2653 opitulandum
1331 2569 1521 2634 calamitate
1543 2569 1710 2652 implicitis
1733 2569 1892 2633 excitari:

494 2683 631 2744 ‘contra
661 2677 774 2744 aut'em
801 2680 898 2764 longe
925 2683 1110 2746 maximum
1136 2703 1207 2746 esse
1234 2703 1407 2746 numerum
1433 2681 1581 2759 aliorum,
1604 2681 1659 2764 qui
1682 2701 1741 2764 spe
1766 2679 1892 2763 aliquid

493 2795 501 2824 ‘
517 2791 724 2855 nanciscendi
740 2792 783 2856 ad
799 2793 959 2856 auxilium
975 2794 1153 2877 indigentis
1168 2795 1330 2858 accedunt
1341 2793 1372 2857 ³.’
1409 2792 1506 2875 Quod
1524 2793 1628 2857 lenius
1643 2802 1693 2858 est
1708 2794 1842 2871 dictum,
1859 2802 1893 2856 et

494 2912 576 2988 puto
591 2903 706 2967 uerius.
751 2902 802 2967 At
818 2925 880 2986 ego
895 2904 985 2968 aliud
1001 2926 1134 2987 quaero.
1178 2905 1300 2970 ‘Plena
1319 2915 1368 2969 est
1387 2905 1520 2983 iustitia,
1535 2926 1620 2988 quae
1639 2904 1786 2969 defendit
1806 2903 1893 2967 infir·

495 3014 608 3078 ‘mos’
638 3014 694 3080 Sic
709 3014 916 3094 Ambrosius
928 3025 962 3080 et
977 3015 1027 3081 ius
1042 3018 1235 3082 canonicum
1246 3018 1268 3082 ⁴.
1300 3019 1345 3082 Et
1360 3039 1422 3100 ego
1439 3018 1536 3082 istam
1552 3018 1710 3081 iustitiam
1726 3038 1860 3100 quaero,

538 3125 584 3190 Et
600 3125 744 3190 Romani
760 3145 910 3190 caussam
926 3127 1011 3192 hanc
1026 3127 1099 3192 aliis
1114 3130 1236 3194 caussis
1251 3129 1482 3206 obtexuerunt
1498 3148 1670 3211 perquam
1687 3136 1895 3192 monerentur

493 3259 593 3322 saepe
618 3238 662 3301 ad
685 3237 774 3302 bella
799 3239 1016 3321 suscipienda.
1062 3241 1241 3305 Manifesta
1262 3236 1381 3326 (inquit
1405 3236 1598 3324 Dionysius)
1622 3239 1794 3305 Samnitici
1815 3238 1894 3304 belli

494 3370 609 3414 caussa
623 3348 772 3414 defensio
787 3350 1012 3416 Lucanorum:
1028 3373 1113 3435 quae
1127 3353 1310 3418 honestatis
1325 3353 1468 3435 speciem
1480 3351 1625 3431 haberet,
1636 3361 1793 3433 tanquam
1806 3372 1894 3416 com-

494 3462 602 3526 munis
624 3471 658 3526 et
680 3462 787 3544 patria
811 3461 1038 3528 Romanorum
1055 3466 1267 3542 consuetud0,
1284 3466 1322 3528 iis
1342 3462 1496 3546 opitulari
1519 3463 1574 3546 qui
1595 3464 1638 3530 ad
1661 3485 1719 3529 eos
1741 3463 1895 3547 confuge-

495 3581 575 3636 rent.
604 3573 663 3637 sed
681 3572 821 3652 occulta,
842 3582 875 3637 et
898 3594 983 3656 quae
999 3575 1104 3659 magis
1123 3577 1270 3660 cogebat,
1286 3576 1348 3640 fuit
1368 3595 1487 3658 magna
1506 3574 1705 3640 Samnitium
1725 3576 1894 3657 potentia:
1915 3591 1918 3602 ’

495 3692 529 3746 et
540 3683 649 3747 futura
662 3685 773 3760 maior,
787 3686 813 3748 si
831 3685 955 3750 Lucani
971 3687 1098 3752 subacti
1114 3687 1251 3752 fuissent
1261 3689 1283 3752 ⁶.
1329 3687 1384 3753 Sic
1400 3687 1488 3751 utilis
1504 3687 1586 3752 ratio
1597 3687 1721 3752 latens:
1745 3688 1895 3769 adeoque

494 3796 566 3856 uisa
589 3814 648 3858 nec
670 3795 716 3858 ita
736 3796 849 3877 proba,
872 3805 909 3859 ut
931 3797 1070 3863 honesta
1093 3809 1151 3864 est.
1198 3800 1244 3864 Et
1267 3808 1378 3862 tamen
1402 3797 1516 3861 utilem
1540 3817 1673 3880 quoque
1696 3797 1835 3880 probam
1862 3807 1896 3862 et

496 3905 615 3968 iustam
640 3906 789 3970 dicimus.
835 3907 881 3970 Et
897 3907 1011 3972 iustior
1027 3910 1131 3974 altera
1149 3931 1208 3992 per
1226 3911 1363 3974 alteram
1383 3910 1530 3974 efficitur.
1568 3929 1646 3991 ergo
1664 3909 1744 3992 quid
1763 3911 1790 3973 si
1806 3909 1895 3974 chari

497 4014 600 4088 nobis
617 4035 700 4096 quos
715 4016 855 4080 uelimus
870 4018 1069 4084 defendere?
1103 4019 1242 4104 Propter
1257 4021 1436 4100 caritatem,
1452 4021 1735 4098 necessitudinem,
1750 4041 1816 4103 qua
1831 4019 1896 4084 alia

497 4126 623 4191 ratione
635 4147 700 4192 non
712 4111 821 4192 omitti
834 4129 1069 4210 defensionem,
1082 4132 1246 4215 Ulpianus
1257 4134 1304 4197 ait
1313 4133 1334 4198 Β.
1379 4131 1413 4194 Α
1426 4144 1542 4197 natura
1554 4143 1604 4196 est
1620 4132 1766 4196 defensio
1781 4153 1894 4196 eorum

494 4433 914 4502 ,¹Bnl.l.10C.deop.li.(8.12).
960 4433 1141 4488 'Guic.lib.r.
1182 4437 1388 4499 ⁸1aeo.N0n.4o.
1433 4437 1895 4502 ‘Amb.1.de0fi.27;e5.23q.3.

630 4517 638 4546 ³
655 4517 729 4568 Dion.
742 4519 793 4568 Exe
813 4517 844 4568 de
857 4520 930 4583 Lega.
944 4519 980 4583 (p.
995 4520 1062 4581 74²)·
1227 4519 1237 4548 ⁰
1255 4518 1271 4568 l.
1287 4533 1308 4582 5.
1320 4519 1370 4584 qui.
1381 4537 1419 4568 ex.
1431 4535 1468 4570 ca.
1480 4520 1505 4570 in
1517 4537 1559 4586 po.
1570 4535 1607 4570 ea.
1622 4521 1665 4572 (Ι).
1676 4535 1716 4583 42.
1728 4521 1764 4583 4).
