4604 5562
483 681 543 728 102
966 672 1170 726 ALBERICI
1198 672 1398 726 GENTILIS

479 927 695 1000 occupatores
716 927 821 983 terrae
841 919 920 983 eius.
952 919 1143 1002 longissima
1164 919 1252 983 enim
1271 919 1527 1002 praescriptione
1547 919 1800 1001 quingentorum
1822 939 1880 982 an-

479 1048 596 1092 norum
620 1050 694 1092 eam
716 1039 837 1094 terram
861 1029 1051 1096 Chananaei
1073 1030 1242 1094 tenebant.
1273 1031 1408 1112 quaesi
1431 1050 1496 1093 non
1520 1029 1642 1093 ualeret
1658 1030 1880 1112 praescriptio,

479 1140 538 1203 uix
555 1141 640 1204 ullus
655 1142 719 1205 dici
738 1142 904 1223 legitimus
921 1143 1073 1224 princeps
1090 1151 1211 1223 posset.
1257 1141 1397 1206 Ueteres
1413 1142 1585 1206 Persarum
1601 1163 1640 1206 ac
1656 1141 1879 1206 Macedonum

479 1253 646 1333 terminos
666 1264 699 1318 et
717 1273 869 1337 possessa
889 1253 978 1335 Cyro
1002 1263 1034 1317 et
1055 1253 1251 1317 Alexandro
1271 1257 1348 1336 ‘per
1369 1253 1666 1336 uaniloquentiam'
1687 1255 1880 1336 reposcebat

478 1364 680 1441 Artabanus,
703 1364 897 1428 Parthorum
921 1385 989 1444 rex,
1008 1386 1027 1428 a
1048 1365 1203 1448 Tyberio,
1222 1375 1258 1430 ut
1282 1366 1386 1448 inquit
1409 1366 1545 1430 Tacitus
1555 1363 1574 1431 ¹.
1620 1366 1666 1430 Et
1689 1363 1879 1430 Solimanus

478 1475 577 1558 longe
610 1477 718 1539 uarius
752 1487 827 1558 post
856 1497 960 1540 annos
991 1475 1080 1539 mille
1111 1477 1180 1539 iura
1210 1477 1383 1559 repetebat
1418 1476 1637 1541 Constantini.
1675 1486 1709 1541 et
1742 1477 1879 1543 Carolus

479 1588 613 1669 quintus
635 1586 717 1651 haec
740 1597 773 1651 et
795 1587 859 1650 alia
882 1588 1086 1670 superiorum
1108 1585 1378 1670 Augustorum²;
1409 1596 1443 1650 et
1463 1609 1483 1651 a
1505 1586 1723 1651 Constantino
1746 1587 1827 1669 ipso,
1846 1596 1880 1651 et

478 1719 499 1762 a
514 1698 582 1762 filio
599 1699 668 1762 eius
685 1707 718 1762 et
733 1700 776 1762 ab
792 1697 991 1762 Alexandro
1009 1698 1132 1763 Seuero
1145 1707 1230 1761 ante.
1270 1699 1347 1763 Rex
1360 1699 1475 1762 itidem
1489 1699 1660 1761 Persarum
1672 1699 1783 1761 omnia
1795 1719 1880 1781 quae

478 1809 558 1874 olim
581 1831 686 1892 usque
712 1819 790 1874 ante
816 1809 1048 1872 Alexandrum
1081 1811 1241 1893 Magnum
1265 1809 1402 1873 fuissent
1426 1809 1553 1892 imperii
1577 1809 1738 1873 Persici³t
1773 1810 1880 1873 etin·
1911 1883 1916 1892 Ι

478 1929 555 2002 epte
579 1920 755 1984 Masinissa
781 1919 1006 2002 longissimam
1035 1920 1346 2003 Carthaginensium
1375 1920 1615 2002 possessionem
1639 1919 1822 1995 uellicabat,
1846 1930 1880 1984 et

478 2031 653 2115 imperium
683 2029 944 2113 longissimum⁴.
998 2031 1188 2097 Antiochus
1222 2031 1368 2115 Magnus
1398 2032 1517 2095 eodem
1548 2040 1724 2114 praetextu
1754 2030 1880 2095 Aeoles

479 2143 645 2225 Ionasque
662 2140 751 2206 bello
770 2152 819 2208 est
837 2162 1019 2225 aggressus,
1034 2143 1191 2225 quoniam
1211 2142 1256 2205 illi
1277 2141 1392 2225 populi
1412 2141 1591 2206 maioribus
1610 2141 1789 2224 aliquando
1804 2142 1882 2206 sub-

477 2255 537 2319 diti
561 2254 699 2320 luissent
722 2256 789 2319 suis
799 2254 821 2320 ⁵.
868 2255 935 2320 Sed
959 2264 993 2318 et
1016 2254 1175 2319 refutatur
1195 2255 1222 2318 is
1243 2276 1263 2318 a
1285 2255 1446 2318 Romanis
1469 2255 1586 2319 eodem
1609 2255 1678 2318 iure
1701 2255 1880 2336 praescrip·

476 2367 585 2431 tionis.
614 2368 702 2448 quod
721 2367 782 2430 etsi
802 2386 943 2448 proauus
959 2367 1028 2430 eius
1043 2387 1102 2448 per
1117 2365 1240 2429 bellum
1255 2365 1408 2429 habuerit
1424 2365 1521 2429 urbes
1537 2363 1628 2441 illas;
1652 2374 1748 2447 pater
1767 2375 1879 2428 tamen

477 2488 510 2541 et
533 2497 615 2540 auus
637 2498 703 2541 non
726 2476 922 2541 habuerint:
946 2488 979 2541 et
1000 2479 1090 2561 ipsae
1105 2477 1202 2540 urbes
1225 2497 1283 2559 per
1306 2476 1427 2540 multos
1446 2496 1558 2555 annos,
1574 2476 1666 2540 nullo
1681 2477 1880 2558 ambigente,

477 2596 674 2670 usurparunt
696 2586 892 2652 libertatem.
939 2587 1146 2664 Hionobilis
1169 2596 1219 2651 est
1241 2587 1340 2665 lusus,
1358 2608 1458 2670 quem
1481 2607 1575 2670 reges
1598 2588 1644 2650 sic
1666 2587 1793 2664 ludunt,
1814 2607 1879 2650 res-

477 2699 628 2782 publicae
652 2708 685 2763 et
708 2700 929 2782 imperatores,
948 2708 981 2763 et
1005 2700 1055 2763 cui
1079 2701 1125 2763 sic
1148 2708 1198 2764 est
1220 2699 1386 2764 theatrum
1405 2698 1493 2762 orbis
1513 2708 1673 2762 terrarum
1695 2699 1803 2763 omnis
1822 2719 1879 2781 per

475 2811 586 2893 secula
600 2811 721 2876 omnia.
737 2813 827 2893 quod
843 2811 1012 2893 eleganter
1026 2811 1201 2875 aduersum
1218 2812 1278 2874 has
1294 2812 1382 2895 ipsas
1400 2811 1517 2893 longas
1533 2809 1707 2874 memorias
1723 2810 1878 2891 Montag·

477 2944 566 3002 neus,
599 2923 705 2987 clarus
738 2922 878 3005 scriptor
904 2922 1028 2986 Gallus.
1059 2906 1093 2985 et
1126 2922 1237 3005 itaque
1268 2924 1318 2986 ius
1347 2921 1612 3005 praescriptionis
1643 2921 1729 2984 istud
1760 2931 1794 2984 et
1827 2921 1879 2984 hic

477 3035 609 3098 iustum.
658 3033 744 3098 Sunt
761 3054 840 3098 uero
859 3033 1055 3116 interpretes
1073 3033 1158 3111 iuris,
1176 3035 1232 3116 qui
1251 3035 1296 3098 sic
1316 3043 1489 3116 exponunt
1507 3033 1549 3096 de
1573 3052 1649 3114 rege
1668 3032 1880 3109 Francorum,

477 3167 552 3210 eum
583 3145 841 3229 praescriptione
871 3146 989 3209 saltem
1017 3166 1089 3209 esse
1112 3155 1307 3228 exemptum
1337 3144 1379 3208 ab
1407 3144 1613 3226 imperatoris
1643 3144 1847 3208 subiectione
1857 3143 1879 3207 ⁰.

478 3257 602 3322 Contra
624 3278 708 3340 quos
738 3278 803 3321 non
834 3268 912 3342 apte
938 3258 1034 3322 affert
1056 3257 1218 3336 Alciatus,
1241 3258 1329 3340 quod
1362 3256 1450 3320 nulla
1476 3257 1635 3339 temporis
1665 3257 1880 3339 praescriptio

476 3370 624 3434 obtineat
648 3379 762 3433 contra
786 3369 993 3452 imperium'l.
1041 3369 1117 3433 Hoc
1144 3371 1232 3433 enim
1257 3390 1317 3434 nec
1343 3378 1394 3433 est
1417 3389 1531 3432 uerum
1563 3368 1596 3430 in
1621 3367 1880 3451 praescriptione

475 3482 634 3564 temporis
666 3483 734 3544 eius
766 3483 858 3545 cuius
888 3481 971 3545 initii
999 3501 1065 3546 non
1097 3491 1192 3546 extet
1223 3482 1399 3545 memoria:
1434 3483 1467 3546 id
1498 3489 1548 3546 est
1576 3503 1678 3564 quum
1708 3503 1816 3560 nem0,
1843 3491 1880 3545 ut

476 3593 694 3657 communiter
716 3593 866 3671 creditur,
886 3605 945 3672 est,
961 3594 1016 3675 qui
1039 3604 1097 3658 aut
1120 3595 1191 3678 ipse
1213 3595 1343 3672 uiderit,
1359 3603 1417 3657 aut
1440 3593 1482 3656 ab
1504 3592 1579 3657 aliis
1600 3595 1741 3657 audierit
1765 3603 1880 3658 contra

475 3725 576 3786 quam
604 3722 689 3767 nunc
714 3713 773 3768 est.
803 3713 837 3767 et
860 3706 893 3768 id
921 3715 971 3768 est
998 3715 1130 3788 tempus
1154 3715 1285 3770 centum
1313 3703 1507 3769 annorum⁸.
1552 3704 1689 3788 Alioqui
1721 3707 1880 3769 memoria

475 3815 517 3878 ab
540 3814 684 3878 historiis
706 3813 839 3879 aliunde
862 3817 976 3880 deesse
996 3818 1055 3880 uix
1075 3816 1173 3882 ualet.
1220 3818 1273 3881 Ita
1292 3839 1370 3881 uero
1394 3837 1525 3880 mecum
1547 3818 1589 3880 de
1612 3818 1675 3880 ista
1697 3819 1881 3901 praescrip-

475 3926 566 3989 tione
588 3925 746 4008 temporis
767 3926 1036 3990 immemorabilis
1057 3928 1212 3991 adfirmat
1232 3937 1309 4010 post
1330 3927 1508 4009 Angelum,
1531 3926 1681 4006 Decium,
1703 3929 1879 3993 Bellonum

475 4037 685 4100 doctissimus
705 4047 898 4118 praeceptor
918 4058 1011 4101 meus
1028 4039 1074 4104 M.
1089 4040 1259 4104 Antonius
1278 4040 1447 4122 Eugenius
1463 4040 1496 4101 in
1513 4041 1677 4121 responsis
1686 4041 1707 4105 ⁹.
1754 4040 1879 4105 Contra

473 4146 655 4230 principem
672 4147 752 4210 item
767 4147 877 4212 ualere
895 4151 1187 4232 praescriptionem
1203 4159 1336 4214 centum
1351 4172 1523 4230 annorum,
1539 4153 1644 4234 magis
1665 4153 1766 4216 etiam
1788 4173 1879 4218 com-

488 4405 496 4435 ¹
513 4405 573 4454 Tac.
586 4403 610 4455 6.
622 4403 688 4455 Ann.
701 4417 740 4468 31.
807 4403 816 4432 ²
834 4405 888 4456 Ιοιι,
901 4418 941 4467 30.
953 4419 992 4469 34.
1066 4407 1076 4436 ⁸
1093 4405 1198 4456 Herodi.
1211 4407 1254 4458 lib.
1267 4405 1290 4457 6.
1302 4423 1323 4458 c.
1336 4407 1352 4457 6
1360 4424 1367 4468 ;
1384 4408 1445 4458 Zon.
1457 4408 1537 4472 lib.4
1552 4419 1629 4471 c.17;
1648 4407 1732 4456 Amm.
1748 4417 1785 4470 17.
1799 4423 1820 4456 c.
1833 4419 1856 4470 5.

535 4487 617 4538 ‘Lim
629 4488 673 4538 lib.
687 4503 726 4553 ³4·
738 4503 759 4538 c.
772 4486 812 4538 62.
898 4488 992 4554 ⁵App.
1004 4488 1057 4553 Syr.
1070 4505 1091 4540 c.
1106 4504 1134 4547 η
1151 4489 1206 4540 Liu.
1220 4505 1258 4554 33.
1269 4507 1291 4542 c.
1304 4506 1343 4556 40.
1432 4491 1533 4558 ‘Fulg
1545 4492 1616 4542 Sacc.
1627 4493 1644 4542 l.
1659 4505 1680 4540 1.
1693 4493 1723 4543 C.
1735 4491 1773 4542 tit.
1788 4505 1810 4540 1.

519 4569 530 4601 ¹
546 4571 589 4621 Al.
600 4571 618 4620 l.
631 4587 653 4636 5.
666 4572 696 4621 de
709 4571 764 4621 lusu
777 4570 822 4633 (D.
838 4586 859 4621 1.
873 4572 909 4635 1).
974 4570 984 4600 ⁶
1002 4571 1073 4621 Alex.
1087 4585 1109 4636 5.
1124 4589 1193 4624 cons.
1208 4572 1252 4631 16;
1271 4573 1327 4626 Alc
1341 4589 1363 4638 3.
1376 4590 1444 4625 cons.
1459 4591 1497 4639 ²4·
1563 4575 1574 4605 ⁹
1590 4575 1655 4640 Eug.
1671 4589 1691 4623 1.
1704 4588 1770 4623 cons.
1784 4570 1824 4621 86.
