4604 5562
745 720 805 773 DE
835 719 938 773 IURE
966 718 1100 787 BELLI,
1131 719 1208 771 LIB.
1233 717 1257 784 Ι,
1290 717 1378 772 CAP.
1400 717 1466 772 XV.
1759 710 1801 792 63

411 987 509 1031 unum
525 965 686 1049 populum
702 961 894 1047 perueniret.
924 961 1033 1025 Addit
1046 960 1132 1024 Cato
1147 960 1190 1022 de
1205 955 1376 1022 uoluntate
1391 968 1486 1024 tanto
1502 958 1609 1024 minus
1625 960 1801 1042 punienda,

409 1079 498 1160 quod
522 1076 626 1140 uideri
651 1075 769 1140 certius
794 1073 903 1137 debet.
945 1071 990 1135 Et
1017 1092 1083 1136 non
1108 1069 1304 1134 contradicit
1328 1070 1469 1134 Caesar:
1497 1072 1552 1152 qui
1576 1073 1619 1135 de
1641 1069 1731 1134 bello
1753 1071 1802 1133 in-

410 1187 542 1252 serendo
565 1186 633 1269 regi
651 1184 821 1249 Ariouisto
844 1184 891 1247 sic
913 1183 1069 1264 disputat,
1088 1181 1291 1264 puniendum
1313 1190 1493 1263 antequam
1515 1181 1683 1264 potentior
1700 1181 1802 1258 fieret,

409 1307 442 1364 et
465 1297 612 1362 intulerit
637 1297 813 1379 quicquam
838 1295 937 1360 mali:
969 1293 1071 1357 etiam
1098 1292 1175 1375 quia
1200 1290 1253 1355 uel
1282 1291 1400 1355 inferre
1427 1292 1550 1356 malum
1577 1293 1771 1376 cogitauerit
1781 1293 1802 1359 ¹.

410 1411 526 1492 Neque
545 1410 631 1472 enim
648 1409 795 1472 denuda
812 1405 1021 1490 cogitatione,
1039 1414 1072 1469 et
1095 1403 1267 1467 uoluntate
1289 1403 1378 1466 nuda
1400 1403 1549 1486 accipere
1566 1404 1630 1468 hoc
1648 1413 1801 1487 oportet3

409 1523 465 1586 sed
482 1521 524 1584 de
539 1541 587 1599 ea,
597 1540 684 1602 quae
699 1528 869 1602 assumpto
885 1527 969 1582 actu.
1000 1517 1089 1599 quod
1106 1523 1156 1580 est
1171 1515 1249 1578 alibi
1264 1513 1468 1578 declaratum
1478 1513 1499 1580 2.
1545 1515 1720 1580 Uerendus
1735 1517 1800 1580 iam

409 1631 442 1695 in
469 1631 585 1696 Galliis
611 1631 666 1694 ille
692 1640 762 1696 erat
789 1629 950 1694 Romanis
974 1649 1053 1692 rex:
1085 1635 1118 1693 et
1144 1626 1213 1690 eius
1239 1645 1331 1689 arma
1349 1625 1528 1707 periculum
1556 1627 1801 1692 minitabantur.

410 1742 591 1806 Prudenter
607 1741 706 1824 igitur
728 1750 762 1805 et
784 1741 869 1805 iuste
889 1739 1011 1805 Caesar
1032 1747 1122 1802 ratus
1145 1745 1203 1812 est,
1220 1735 1300 1798 nihil
1324 1755 1395 1799 esse
1417 1736 1633 1800 differendum
1656 1737 1801 1817 ulterius,

408 1853 486 1935 quin
505 1852 605 1918 armis
626 1873 718 1916 arma
740 1861 971 1934 compesceret.
1016 1849 1165 1914 Heluetii
1189 1867 1293 1930 nuper
1307 1847 1555 1928 sapientissime,
1570 1868 1676 1931 neque
1695 1848 1801 1927 Gallo,

412 1984 515 2046 neque
532 1963 665 2027 Caesari
681 1983 717 2026 se
732 1961 888 2040 fauturos,
903 1969 938 2026 at
957 1971 1144 2025 seruaturos
1161 1959 1293 2023 foedera
1313 1977 1389 2022 cum
1411 1967 1559 2041 utroque,
1584 1960 1688 2024 donec
1711 1981 1802 2025 arma

410 2094 520 2138 eorum
553 2073 736 2156 periculosa
771 2073 947 2137 Heluetiae
981 2093 1046 2135 non
1080 2063 1200 2135 suerint
1232 2069 1430 2152 reipublicae
1442 2068 1465 2132 ³.
1527 2070 1595 2135 Sed
1632 2057 1802 2137 concludo.

410 2184 566 2248 Defensio
582 2185 667 2248 iusta
685 2193 743 2258 est,
760 2205 845 2266 quae
863 2183 1034 2266 praeuenit
1053 2180 1196 2264 pericula
1215 2181 1281 2244 iarn
1305 2180 1474 2259 meditata,
1492 2190 1627 2262 parata:
1652 2183 1751 2247 etiam
1770 2192 1804 2247 et

411 2317 469 2360 nec
481 2297 650 2374 meditata,
659 2304 694 2358 at
706 2295 902 2373 uerisimilia,
913 2293 1089 2377 possibilia.
1107 2313 1214 2374 neque
1225 2301 1336 2355 tamen
1350 2290 1502 2355 ultimum
1514 2291 1577 2356 hoc
1592 2293 1803 2375 simpliciter:

410 2415 465 2470 aut
489 2407 632 2470 dicerem
659 2406 791 2483 iustum,
817 2405 896 2469 dare
921 2424 1055 2486 operam
1082 2403 1170 2466 bello
1199 2402 1275 2466 huic
1301 2403 1415 2466 statim
1441 2411 1543 2485 atque
1568 2403 1685 2487 aliquis
1711 2405 1804 2469 fieret

411 2526 525 2599 potens
548 2516 655 2580 nimis.
692 2517 782 2599 quod
806 2536 872 2580 non
895 2517 980 2581 dico.
1026 2514 1115 2597 Quid
1139 2513 1225 2577 enim
1247 2514 1273 2577 si
1296 2513 1433 2596 principi
1456 2513 1551 2578 alicui
1575 2516 1724 2598 potentia
1746 2516 1804 2582 ist·

410 2625 489 2692 haec
507 2637 680 2710 augeretur
698 2623 963 2703 successionibus,
984 2623 1219 2691 electionibus?
1265 2625 1356 2688 Num
1380 2633 1415 2688 tu
1439 2645 1515 2688 eum
1537 2625 1625 2690 bello
1647 2628 1804 2706 turbabis,

411 2739 486 2819 quia
515 2737 658 2820 periculo
687 2739 748 2803 tibi
778 2759 850 2803 esse
873 2739 943 2803 eius
966 2738 1116 2820 potentia
1140 2729 1275 2818 potest?
1319 2734 1424 2799 Aliud
1451 2737 1642 2802 addendum
1670 2749 1719 2804 est
1744 2760 1804 2823 pro

412 2847 541 2914 iustitia.
586 2848 764 2914 Addemus
779 2867 840 2914 nos
855 2848 926 2912 aliis
942 2848 997 2931 qui
1013 2846 1092 2930 quid
1108 2847 1184 2911 iusti
1198 2844 1332 2910 habent.
1377 2845 1478 2912 Audi.

1001 3234 1090 3308 CnP.
1122 3233 1210 3308 XV.

877 3431 937 3504 De
960 3431 1106 3505 honesta
1132 3431 1338 3529 defensione.

455 3633 648 3701 SUPEREST
681 3632 723 3696 de
755 3629 896 3696 honesta
926 3615 1125 3709 defensione,
1151 3650 1237 3712 quae
1266 3629 1347 3693 citra
1378 3617 1502 3692 metum
1534 3629 1637 3694 ullum
1669 3633 1804 3714 periculi

414 3747 520 3825 nostri,
543 3744 635 3810 nulla
657 3731 838 3826 indigentia
861 3751 981 3817 nostra,
1005 3741 1095 3805 nulla
1118 3740 1260 3804 utilitate
1278 3740 1434 3822 quaesita,
1454 3750 1584 3806 tanturn
1607 3743 1640 3806 in
1663 3745 1803 3826 gratiam

411 3856 546 3921 aliorum
577 3855 760 3938 suscipitur.
816 3853 862 3919 Et
888 3854 1104 3918 fundamento
1130 3851 1177 3915 illi
1203 3850 1359 3926 innititur,
1386 3853 1475 3935 quod
1506 3856 1746 3936 cognationem,
1771 3865 1805 3921 et

412 3987 564 4045 amorem,
586 3975 689 4049 atque
715 3963 990 4036 beneuolentiam,
1014 3973 1047 4028 et
1069 3962 1318 4027 beneuolentiae
1341 3963 1541 4028 uinctionem
1564 3961 1625 4050 (ait
1652 3967 1700 4030 M.
1723 3967 1804 4031 Tul-

412 4077 486 4166 lius)
515 4081 600 4144 inter
625 4077 776 4142 homines
803 4084 920 4140 natura
946 4075 1160 4139 constituerit.
1194 4083 1227 4138 et
1248 4063 1343 4157 'quod
1372 4076 1521 4156 gentium
1548 4077 1598 4140 ius
1624 4078 1725 4142 situm
1755 4089 1806 4144 est

413 4189 446 4253 in
466 4189 594 4273 generis
617 4187 752 4253 humani
775 4187 934 4252 societate
943 4184 966 4248 4.
1012 4185 1112 4268 Quod
1136 4195 1310 4268 propterca
1333 4187 1432 4250 etiam
1455 4186 1641 4271 appellatur
1666 4189 1762 4253 ciuile
1785 4212 1806 4254 a

414 4299 601 4368 Cicerone⁶.
647 4298 704 4364 Sic
724 4298 848 4363 scilicet
872 4296 975 4362 Stoici
995 4295 1134 4375 uoluere,
1154 4296 1322 4362 ciuitatem
1345 4297 1446 4361 totius
1470 4299 1583 4363 mundi
1602 4319 1701 4364 unam
1725 4320 1805 4375 esse,

548 4531 557 4562 ²
573 4531 634 4582 Dio.
645 4531 689 4582 lib.
702 4530 740 4594 58.
902 4525 913 4556 ¹
928 4526 945 4579 l.
960 4541 1014 4590 ²25·
1025 4526 1057 4577 de
1068 4528 1101 4579 U.
1113 4526 1138 4578 S.
1152 4526 1197 4591 (D.
1211 4541 1248 4592 50.
1264 4527 1315 4589 16).
1478 4528 1488 4558 ¹
1505 4529 1559 4581 Ion.
1570 4527 1615 4578 lib.
1627 4541 1666 4594 34.

671 4611 681 4641 ¹
696 4612 714 4662 l.
726 4625 748 4674 5.
759 4611 791 4662 de
802 4610 835 4663 iu.
846 4617 871 4660 et
883 4609 916 4659 iu.
927 4609 974 4674 (D.
987 4623 1008 4659 ι.
1024 4610 1058 4671 1).
1269 4608 1280 4638 ⁸
1296 4608 1349 4659 Cic.
1362 4619 1384 4670 3.
1396 4608 1428 4658 de
1440 4607 1493 4660 Flu.
1507 4624 1545 4659 ao.
