4456 5566
479 685 521 753 32
964 678 1166 733 ALBERICI
1194 679 1393 733 GENTILIS

478 920 570 987 fuit1.
616 922 739 986 Diuitis
753 922 817 988 hoc
832 923 949 1014 uitium
965 932 1016 988 est
1030 923 1118 988 auri:
1144 926 1244 988 etiam
1263 923 1366 988 Poeta
1383 922 1436 987 hic
1445 921 1467 987 ².
1513 922 1558 987 Et
1575 921 1658 986 alius
1675 921 1811 986 itidem:
1844 931 1878 988 et

478 1032 568 1116 quod
586 1054 702 1098 aurum
720 1034 805 1098 ferro
826 1034 998 1099 nocentius
1015 1035 1062 1100 sic
1080 1035 1163 1100 est³.
1211 1035 1256 1100 Et
1275 1034 1421 1099 Cerealis
1437 1033 1525 1116 apud
1546 1033 1710 1110 Tacitum,
1730 1032 1898 1098 ‘Aurum

478 1148 486 1176 ‘
502 1152 536 1209 et
550 1164 630 1228 opes
645 1147 841 1229 praecipuae
854 1145 1017 1210 bellorum
1033 1165 1167 1211 caussae
1175 1145 1207 1211 ⁴.'
1251 1145 1347 1230 Quae
1365 1156 1399 1210 et
1417 1144 1608 1228 Philosophi
1626 1155 1661 1210 et
1677 1145 1751 1227 quis
1772 1142 1879 1208 non⁶i

478 1255 607 1320 Uerum
627 1256 751 1322 iustitia
768 1277 955 1322 caussarum
973 1257 1051 1322 belli
1072 1258 1154 1322 haec
1175 1278 1241 1322 non
1262 1267 1321 1323 est.
1365 1256 1458 1322 Audi
1478 1254 1877 1338 Augustinum,‘1nserre

477 1365 588 1430 ‘bella
606 1367 762 1446 finitimis,
781 1377 816 1432 et
832 1368 911 1433 inde
928 1368 961 1431 in
980 1377 1109 1433 caetera
1126 1369 1313 1451 procedere,
1331 1389 1370 1433 ac
1388 1369 1528 1451 populos
1546 1367 1608 1432 sibi
1629 1387 1696 1432 non
1718 1367 1877 1432 molestos

476 1481 484 1508 ‘
500 1477 571 1543 sola
586 1481 677 1562 regni
692 1479 874 1562 cupiditate
889 1489 1066 1560 conterere,
1081 1480 1161 1564 quid
1176 1480 1275 1559 aliud,
1290 1501 1390 1563 quam
1405 1482 1532 1563 grande
1546 1479 1754 1544 latrocinium
1769 1479 1875 1545 nomi·

476 1593 485 1620 ‘
501 1589 648 1653 nandum
664 1589 775 1654 est⁶?’
811 1591 975 1656 Barbarus
990 1591 1045 1656 ille
1059 1591 1206 1670 barbare,
1223 1590 1280 1656 ‘Id
1297 1593 1330 1655 in
1346 1611 1475 1657 summa
1489 1591 1620 1657 fortuna
1635 1591 1771 1673 aequius
1786 1589 1875 1672 quod

475 1703 483 1732 ‘
498 1698 659 1765 ualidius:
674 1710 708 1766 et
724 1721 782 1766 sua
799 1702 944 1782 retinere,
956 1702 1105 1787 priuatae
1120 1703 1256 1781 domus;
1271 1704 1315 1767 de
1329 1703 1444 1767 alienis
1460 1711 1593 1781 certare,
1604 1703 1728 1786 regiam
1742 1701 1876 1767 laudern

475 1807 615 1876 ‘esse⁷.'
659 1813 706 1876 Et
720 1812 784 1877 hoc
799 1813 881 1879 illud
899 1822 959 1893 est,
976 1817 1065 1898 quod
1087 1825 1202 1879 contra
1216 1813 1450 1879 Alexandrum
1471 1814 1664 1892 iactabatur,
1683 1834 1759 1878 eum
1777 1813 1877 1878 inisse

474 1923 677 2005 praedonem
695 1925 784 1988 orbis
801 1933 970 2004 terrarum,
986 1926 1042 2009 qui
1059 1925 1125 1991 ista
1142 1935 1272 1991 tantum
1288 1925 1424 1991 libidine
1439 1925 1567 2009 imperii
1582 1926 1711 2008 quietos
1726 1924 1876 2008 populos,

475 2042 509 2098 et
524 2054 545 2099 a
559 2035 677 2099 notitia
694 2036 744 2101 sui
763 2057 896 2119 quoque
913 2037 1083 2121 sepositos,
1101 2045 1265 2103 scrutatus
1283 2047 1334 2102 est
1353 2046 1387 2103 et
1407 2037 1495 2102 bello
1510 2037 1658 2102 uexauit.
1704 2036 1749 2101 Et
1765 2035 1877 2100 Attila

474 2145 531 2226 qui
549 2165 682 2210 caussas
697 2146 860 2213 bellorum
876 2148 982 2214 nullas
996 2150 1195 2225 sectabatur,
1210 2149 1324 2213 odium
1344 2149 1480 2212 meritus
1499 2149 1647 2242 omnium
1666 2148 1782 2213 merito
1797 2148 1876 2213 diei·

474 2265 542 2321 tur:
560 2256 616 2339 qui
631 2259 784 2324 omnibus
799 2260 846 2324 ita
860 2259 987 2326 serebat
1003 2281 1040 2325 se
1055 2259 1252 2326 inimicum⁸.
1282 2260 1399 2343 Atque
1413 2260 1456 2325 de
1470 2261 1584 2343 piratis
1599 2261 1665 2323 iam
1681 2259 1875 2324 audiuimus.

475 2367 546 2450 Ipsi
563 2369 664 2433 etiam
683 2369 813 2435 Turcae
830 2371 936 2436 bonas
953 2381 1114 2455 quaerunt
1132 2393 1275 2452 caussas,
1290 2392 1392 2454 quum
1415 2371 1563 2454 cogitant
1586 2371 1711 2435 bellum
1734 2391 1876 2437 mouere.

475 2477 522 2543 Et
539 2478 653 2562 itaque
670 2481 714 2545 de
730 2480 884 2566 cyprico,
900 2505 1001 2566 quum
1020 2484 1160 2549 Uenetis
1179 2483 1305 2567 eripere
1323 2481 1403 2547 illud
1422 2501 1561 2565 regnum
1579 2482 1680 2546 uellet
1700 2482 1875 2566 ‘Selymus

472 2590 644 2673 ‘cogitare
669 2594 787 2675 coepit,
809 2595 927 2676 quibus
952 2595 1133 2660 rationibus
1154 2595 1279 2659 bellum
1303 2595 1451 2677 legitime
1474 2594 1594 2677 suscipi
1617 2594 1721 2658 uideri
1743 2603 1876 2677 posset:

474 2703 653 2785 ‘quoniam
680 2724 746 2768 non
773 2713 824 2770 est
851 2705 1125 2772 Otomanicorum
1152 2707 1346 2785 institutum,
1365 2715 1403 2770 ut
1428 2706 1553 2771 bellum
1580 2706 1707 2789 impetu
1730 2706 1876 2788 quodam

473 2817 481 2847 ‘
496 2814 598 2877 animi
613 2824 730 2896 gerant
739 2814 770 2879 ⁹!
808 2815 964 2881 Ferinum
980 2819 1022 2896 id,
1038 2817 1127 2882 nulla
1141 2828 1278 2901 accepta
1293 2817 1409 2882 iniuria
1423 2819 1466 2882 ad
1483 2818 1610 2896 caedes,
1627 2827 1660 2881 et
1675 2819 1876 2881 uastationes

473 2925 595 2989 uenire.
648 2925 748 3009 Quod
772 2927 873 2991 iidem
895 2917 988 2992 aiunt
1008 2927 1153 2994 historici
1175 2930 1271 2994 bene.
1324 2929 1473 2993 Piscibus
1496 2929 1529 2993 id
1553 2929 1715 3006 conuenit,
1733 2936 1769 2991 et
1790 2927 1875 3006 seris,

473 3043 508 3100 et
530 3036 648 3128 auibus
670 3037 867 3118 uolneribus,
888 3059 924 3104 se
947 3049 1061 3103 mutuo
1081 3049 1117 3104 ut
1139 3049 1276 3106 uorent:
1306 3041 1576 3124 quandoquidem
1599 3047 1711 3104 carent
1734 3039 1875 3104 iustitia:

474 3156 510 3211 ut
531 3147 649 3213 cecinit
673 3148 841 3214 Hesiodus
851 3147 887 3214 ¹⁰.
931 3148 1047 3233 Atque
1069 3152 1147 3215 inde
1169 3151 1239 3216 fieri
1259 3153 1306 3216 sic
1328 3151 1488 3229 audimus,
1505 3161 1542 3215 ut
1564 3171 1695 3235 semper
1712 3150 1876 3234 principes

473 3257 618 3339 aliquam
634 3259 838 3341 probabilem
854 3280 987 3324 causam
1003 3262 1285 3346 suscipiendorum
1296 3262 1458 3328 bellorum
1472 3283 1550 3346 prae
1565 3284 1601 3328 se
1616 3261 1742 3328 serant:
1762 3281 1875 3344 quam·

473 3369 524 3432 uis
547 3391 646 3454 saepe
673 3390 771 3436 causa
794 3371 899 3435 subsit
922 3371 1019 3436 nulla.
1076 3373 1181 3438 Uides
1204 3383 1238 3437 et
1260 3395 1281 3437 a
1304 3375 1425 3457 Moyse
1442 3376 1609 3456 quaesitas
1637 3393 1789 3438 caussas:
1820 3374 1876 3456 qui

473 3489 587 3546 tamen
609 3482 755 3546 habebat
778 3503 907 3548 summe
929 3483 1058 3563 iustam,
1081 3485 1205 3549 iussum
1233 3485 1297 3549 Dei
1310 3484 1342 3548 ¹¹.
1385 3486 1441 3549 Ex
1467 3485 1530 3550 hoc
1559 3485 1646 3551 enirn
1671 3507 1746 3551 cum
1769 3485 1876 3551 facere

472 3591 598 3657 bellum
624 3594 761 3658 deberet
788 3595 961 3674 Emoraeo,
984 3616 1084 3679 quem
1111 3598 1257 3662 deleret:
1289 3597 1379 3661 misit
1405 3597 1542 3661 nuncios
1568 3607 1690 3676 tamen,
1711 3598 1767 3679 qui
1794 3596 1875 3661 haec

472 3703 628 3784 dicerent,
658 3705 857 3770 ‘Transeam
887 3727 946 3789 per
974 3717 1095 3771 terram
1128 3716 1242 3772 tuam:
1281 3729 1347 3772 non
1377 3709 1579 3772 diuertemus
1608 3709 1641 3772 in
1671 3728 1797 3790 agrum,
1819 3716 1876 3773 aut

473 3815 637 3894 ‘uincam
652 3835 758 3898 neque
775 3816 927 3881 bibemus
946 3839 1066 3900 aquam
1085 3821 1195 3901 putei:
1219 3820 1273 3883 uia
1293 3829 1383 3884 recta
1400 3820 1520 3884 ibimus
1538 3840 1641 3903 usque
1659 3820 1740 3884 dum
1758 3820 1875 3884 transi·

475 3926 640 3989 ‘uerimus
661 3927 839 3990 terminum
861 3929 974 3993 tuum!
1020 3930 1133 3994 Etiam
1158 3931 1320 3996 Hercules
1337 3940 1478 3995 uenatur
1498 3930 1576 3994 belli
1599 3931 1806 3996 occasionem
1825 3927 1876 4016 (ut

473 4035 522 4099 ait
535 4033 751 4122 Apollonius)
766 4046 879 4102 contra
895 4039 1070 4122 Dryopes:
1093 4041 1148 4124 qui
1164 4041 1287 4126 alioqui
1303 4042 1443 4124 improbi
1458 4041 1610 4106 homines
1619 4040 1654 4105 ¹².
1686 4041 1763 4106 Sint
1776 4041 1877 4125 igitur

535 4269 543 4298 ¹
560 4268 653 4321 Sallust
665 4269 738 4334 Fmg.
749 4269 793 4320 lib.
805 4287 829 4334 4.
842 4278 867 4322 et
878 4271 954 4323 Catil.
966 4289 987 4322 c.
1000 4273 1023 4322 8.
1152 4275 1162 4304 ²
1178 4275 1253 4325 Tibu.
1267 4291 1289 4324 ι.
1301 4275 1355 4326 Ele.
1369 4289 1408 4323 10.
1543 4276 1553 4304 ⁸
1570 4275 1627 4327 Oui.
1643 4291 1664 4327 1.
1679 4277 1741 4328 Met.
1756 4289 1810 4340 141.

638 4353 648 4382 ⁴
665 4353 726 4404 Tac.
738 4369 762 4416 4.
776 4353 844 4403 Hist.
856 4370 877 4404 c.
892 4363 930 4417 74.
1137 4356 1147 4385 ⁶
1164 4356 1261 4408 ehtde
1272 4357 1313 4409 Vi.
1326 4357 1405 4420 Moy..
1416 4363 1441 4407 et
1452 4357 1483 4408 de
1495 4357 1583 4408 Deoal.
1596 4361 1632 4424 (p.
1646 4357 1714 4422 766).

555 4435 565 4466 ⁸
582 4437 648 4502 Aug.
660 4451 685 4500 4
696 4436 728 4486 de
739 4435 795 4487 Ciu.
809 4451 829 4485 c
842 4435 865 4486 6.
1028 4437 1038 4466 '
1055 4439 1116 4490 Tac.
1131 4453 1170 4504 ¹5·
1182 4443 1232 4491 An.
1244 4455 1265 4490 c.
1279 4453 1301 4488 1.
1465 4440 1475 4470 ⁸
1492 4441 1609 4493 Iomand.
1621 4441 1653 4493 de
1664 4443 1708 4493 Or.
1720 4458 1741 4493 c.
1756 4440 1795 4506 36.

505 4517 619 4569 'Natal
631 4518 678 4569 Co.
690 4517 733 4568 lib.
747 4531 785 4569 21.
948 4519 965 4548 ²⁰
984 4519 1070 4571 Hesio.
1084 4521 1133 4586 Op.
1144 4521 1162 4571 1.
1178 4532 1232 4586 277.
1389 4523 1406 4552 ¹¹
1423 4523 1514 4574 Nnmc.
1529 4539 1573 4582 αις
1597 4525 1673 4575 Dent.
1687 4539 1715 4581 ας
1736 4523 1792 4574 Iud.
1806 4536 1844 4574 11.

1015 4601 1034 4632 ¹²
1051 4603 1128 4668 Apol.
1142 4619 1164 4654 1.
1176 4605 1237 4669 Arg.
1253 4606 1322 4656 1218.
