4604 5562
494 727 534 804 76
976 731 1177 786 ALBERICI
1204 731 1405 786 GENTILIS

491 986 611 1058 teaque
637 977 680 1039 de
703 977 898 1039 necessitate
923 977 1080 1039 traditum
1105 985 1163 1039 est.
1209 976 1255 1038 Et
1282 975 1473 1056 exemplum
1498 975 1549 1052 sit,
1569 976 1596 1038 si
1621 975 1765 1039 Romani
1790 975 1889 1038 dene-

490 1087 644 1169 gantibus
671 1087 783 1150 uicinis
813 1107 924 1150 secum
955 1086 1125 1163 connubia,
1147 1097 1181 1150 et
1210 1088 1244 1150 in
1270 1086 1437 1150 excidium
1464 1086 1511 1150 sic
1537 1087 1713 1150 coniuratis
1738 1086 1888 1150 nouellae

491 1199 641 1275 ciuitatis,
662 1197 796 1274 bellum,
819 1207 856 1260 ut
878 1197 1037 1261 haberent
1058 1196 1227 1274 foeminas,
1251 1197 1446 1261 intulissent.
1501 1196 1644 1260 ‘Iustius
1665 1195 1789 1259 bellum
1813 1217 1888 1260 cum

490 1312 553 1372 ‘ea
570 1318 669 1390 gente
687 1308 757 1388 geri
779 1307 895 1389 potuit,
915 1327 1000 1389 quae
1019 1307 1102 1370 filias
1124 1328 1200 1370 suas
1223 1306 1506 1390 corregionalibus,
1527 1317 1560 1370 et
1582 1307 1797 1371 confinalibus
1820 1307 1887 1370 suis

491 1424 666 1502 ‘negasset
688 1419 817 1500 petitas.
848 1418 960 1500 aliquo
982 1419 1070 1482 enim
1087 1418 1155 1481 iure
1171 1418 1249 1481 belli
1265 1419 1384 1482 iniuste
1400 1428 1537 1500 negatas
1560 1417 1645 1482 iuste
1662 1419 1768 1482 uictor
1782 1419 1889 1483 auler-

489 1526 580 1594 ‘ret’
610 1529 715 1611 inquit
741 1527 981 1612 Augustinus¹.
1038 1529 1083 1612 Et
1109 1529 1186 1593 licet
1215 1529 1248 1593 id
1279 1529 1384 1611 inquit
1410 1529 1633 1611 comparatiue
1661 1530 1704 1593 ad
1737 1529 1771 1594 id
1797 1532 1886 1612 quod

488 1640 665 1722 spectaculi
685 1639 799 1704 fraude
816 1639 939 1703 lactum
959 1638 1027 1717 fuit,
1044 1649 1077 1702 et
1096 1660 1154 1721 per
1172 1660 1308 1721 pacem:
1332 1649 1432 1721 atque
1448 1640 1553 1721 inquit
1571 1641 1671 1704 etiam
1690 1641 1887 1704 dubitanter.

484 1753 616 1815 adiecto
646 1751 782 1814 articulo
806 1747 981 1825 ‘sortasse'
1004 1770 1104 1831 quem
1134 1770 1220 1813 nunc
1251 1769 1316 1812 non
1348 1749 1515 1831 exscripsi.
1548 1771 1627 1813 ·non
1655 1760 1766 1814 tamen
1793 1751 1888 1815 dubi-

485 1863 624 1925 tandum
652 1871 710 1938 est,
732 1861 811 1942 quin
834 1879 900 1923 non
922 1861 968 1923 sic
991 1860 1160 1922 nobiscum
1183 1860 1328 1923 senserit.
1361 1869 1411 1924 est
1435 1861 1521 1922 enim
1545 1859 1601 1922 ille
1619 1861 1772 1924 articulus
1796 1882 1887 1925 uere·

486 1974 650 2037 cundioris
672 1971 871 2044 adminiculi,
895 1971 1141 2052 temperationis
1163 1972 1272 2036 nescio
1295 1972 1395 2048 cuius,
1417 1981 1474 2034 aut
1497 1971 1627 2052 figurae,
1651 1991 1715 2034 non
1738 1982 1817 2035 nota
1838 1974 1887 2035 in-

486 2093 593 2149 certae
612 2083 818 2147 definitionis.
849 2083 937 2162 quod
958 2102 1057 2163 saepe
1076 2082 1169 2145 nobis
1185 2081 1286 2144 nostri
1302 2081 1415 2145 dicunt
1429 2082 1623 2163 interpretes
1632 2081 1655 2146 ².
1698 2083 1776 2146 Non
1792 2083 1887 2147 dubi·

484 2195 625 2259 tandum
645 2203 695 2257 est
718 2193 824 2274 ipsam
847 2193 893 2255 ita
916 2213 986 2256 esse
1010 2213 1087 2258 rem.
1132 2203 1169 2256 ut
1186 2193 1249 2257 hoc
1273 2213 1358 2269 uere,
1378 2213 1444 2256 non
1467 2193 1700 2258 declamatorie
1723 2197 1886 2260 contendo

487 2307 520 2369 in
539 2305 683 2368 secundo
698 2304 740 2368 de
756 2304 855 2366 armis
872 2303 1041 2367 Romanis.

529 2414 685 2478 Alterum
724 2415 917 2496 exemplum
955 2413 1052 2478 huius
1084 2415 1255 2477 necessarii
1288 2415 1367 2478 belli
1405 2416 1438 2478 in
1476 2415 1526 2480 his
1558 2413 1662 2492 luerit,
1696 2417 1752 2498 qui
1789 2417 1884 2482 eiecti

485 2527 618 2590 sedibus
655 2526 731 2604 suis,
764 2535 822 2590 aut
859 2546 926 2606 qua
963 2525 1135 2589 occasione
1171 2526 1262 2588 abire
1302 2527 1415 2600 coacti,
1451 2527 1532 2590 alias
1569 2529 1748 2609 quaesituri
1780 2530 1883 2610 sedes,

484 2637 610 2701 bellum
647 2636 788 2699 inierunt
828 2635 1010 2698 necessario
1048 2635 1128 2712 aliis,
1166 2636 1198 2697 in
1236 2656 1377 2717 quorum
1419 2639 1640 2718 possessiones
1681 2640 1884 2720 perueniant.

485 2747 583 2812 Alios
610 2747 756 2810 exscidia
780 2746 909 2809 urbium
932 2766 1065 2808 suarum
1089 2746 1121 2807 in
1145 2745 1260 2823 aliena,
1283 2747 1443 2828 spoliatos
1465 2749 1540 2828 suis,
1563 2748 1771 2832 expulerunt.
1801 2751 1884 2815 alios

486 2858 588 2922 nimia
624 2857 854 2938 superfluentis
895 2857 1008 2939 populi
1047 2857 1233 2939 frequentia
1274 2857 1317 2920 ad
1357 2860 1587 2925 exonerandas
1627 2862 1724 2926 urbes
1765 2864 1881 2928 emisit.

483 2970 566 3033 alios
595 2968 790 3050 pestilentia,
816 2976 874 3030 aut
902 2967 1090 3048 frequentes
1121 2977 1282 3030 terrarum
1308 2968 1428 3046 hiatus,
1449 2979 1507 3034 aut
1533 2970 1643 3053 aliqua
1666 2971 1884 3037 intolleranda

485 3078 622 3143 infelicis
652 3078 712 3142 soli
740 3077 822 3142 uitia
848 3076 1022 3142 eiecerunt.
1053 3086 1090 3141 ut
1115 3077 1198 3141 haec
1220 3078 1366 3142 scribunt
1388 3079 1451 3158 alii,
1475 3091 1508 3144 et
1534 3083 1742 3165 prosequitur
1762 3082 1882 3147 alicubi

485 3189 645 3256 Seneca³.
693 3187 792 3252 Multi
822 3187 1005 3270 praetulere
1032 3208 1141 3252 carere
1169 3189 1343 3270 penatibus
1373 3201 1507 3272 propter
1532 3191 1663 3255 iniurias
1693 3193 1882 3272 uicinorum,

483 3313 517 3367 et
550 3303 645 3366 sedes
675 3321 749 3364 suas
779 3300 993 3381 profugerunt
1002 3297 1024 3362 ⁴.
1085 3298 1263 3362 Diuersum
1297 3300 1412 3363 orbem
1445 3312 1562 3383 gentes
1596 3303 1765 3368 uniuersae
1799 3307 1882 3388 peti-

483 3424 577 3477 erunt
609 3413 721 3476 relicto
751 3412 858 3492 patrio
888 3409 968 3488 solo,
994 3409 1132 3483 Achaei,
1162 3411 1289 3486 Hiberi,
1315 3410 1448 3489 Albani,
1478 3412 1588 3492 Siculi,
1619 3413 1756 3496 Pelasgi,
1786 3416 1881 3480 Abo-

483 3527 611 3609 rigines,
633 3523 815 3614 Archades.
853 3533 890 3585 ut
915 3521 998 3585 haec
1024 3521 1112 3603 apud
1138 3520 1220 3584 alios
1246 3522 1454 3587 adnotantur.
1502 3524 1628 3606 Nequit
1658 3535 1769 3589 autem
1799 3527 1880 3592 haec

483 3657 598 3701 caussa
620 3633 806 3717 improbari.
844 3641 911 3706 aut,
929 3632 1080 3696 homines
1102 3631 1274 3696 hominum
1298 3653 1363 3696 non
1387 3635 1539 3712 misereri,
1558 3635 1694 3717 dignum
1717 3647 1880 3718 putamus,

484 3758 517 3811 et
543 3757 682 3810 mortem
708 3745 759 3808 his
789 3745 893 3808 solam
922 3741 1134 3826 relinquimus
1161 3745 1355 3822 extorribus,
1382 3745 1485 3827 pulsis
1515 3747 1642 3828 patria?
1688 3748 1881 3812 Uidendurn

474 3867 595 3928 ,tamen
619 3867 677 3932 est,
696 3876 737 3919 ne
760 3855 889 3936 profugi
913 3854 966 3916 isti
991 3875 1070 3917 mox
1094 3873 1159 3917 non
1181 3855 1327 3918 contenti
1346 3856 1464 3937 opibus
1487 3858 1699 3934 tenuioribus,
1717 3879 1800 3941 quas
1820 3859 1881 3922 sci-

483 3967 560 4029 licet
584 3966 708 4046 absque
737 3964 825 4028 bello
852 3984 1002 4046 reparare
1028 3964 1090 4026 sibi
1117 3975 1261 4046 possent,
1288 3967 1417 4047 potiora
1444 3967 1517 4032 loca
1543 3973 1736 4052 quaeritent.
1791 3972 1881 4035 Nam

483 4077 594 4156 inique
620 4075 715 4137 fieret
745 4074 787 4151 id,
815 4084 848 4138 et
875 4074 1023 4136 barbare.
1082 4073 1172 4155 Ergo
1197 4076 1240 4137 ad
1268 4075 1366 4139 istam
1394 4098 1543 4142 normam
1570 4083 1759 4145 examinare
1785 4083 1882 4147 decet

483 4186 576 4248 illata
597 4185 670 4247 aliis
693 4183 780 4246 bella
804 4183 993 4260 Phcnicum‚
1016 4183 1188 4260 Ubiorum,
1212 4185 1451 4267 Heluetiorum,
1479 4189 1658 4269 Gallorum,
1686 4193 1880 4271 Gothorum,

484 4295 723 4371 Uandalorum,
741 4293 889 4368 aliorum,
908 4293 964 4373 qui
988 4294 1127 4375 patriam
1151 4294 1318 4376 regionem
1341 4298 1522 4379 deseruere,
1543 4321 1646 4366 nouas
1661 4303 1881 4368 habitationes

515 4497 523 4526 ¹
540 4498 606 4561 Aug.
619 4512 642 4547 a.
655 4497 687 4545 de
698 4496 754 4546 Ciu.
769 4507 808 4559 17.
1010 4493 1020 4524 ¹
1037 4495 1123 4545 Cuiac.
1138 4509 1175 4545 11.
1187 4497 1241 4547 obs.
1255 4513 1301 4560 25;
1319 4499 1405 4549 Odosr.
1418 4501 1435 4550 l.
1450 4515 1471 4550 1.
1483 4503 1514 4552 de
1526 4503 1566 4552 do.
1580 4505 1625 4566 (D.
1640 4517 1679 4569 39.
1693 4508 1735 4568 5);
1753 4505 1808 4555 ers.
1819 4507 1881 4554 lust.

482 4580 514 4630 de
524 4588 573 4630 act.
586 4585 599 4641 ᾗ
611 4579 738 4646 poenales.
751 4581 786 4642 (4.
798 4577 821 4627 6.
836 4578 886 4638 ιι).
1328 4583 1338 4612 ³
1353 4583 1409 4632 Sen.
1423 4583 1469 4634 Co.
1484 4585 1515 4634 ad
1529 4586 1603 4636 Helv.
1615 4601 1637 4636 c.
1648 4587 1675 4644 6;
1693 4587 1773 4636 Pater.
1788 4601 1809 4638 1.
1822 4602 1843 4637 c.
1856 4601 1879 4650 3.

853 4659 862 4688 ⁶
878 4659 978 4709 Colum.
996 4674 1015 4709 1.
1028 4659 1059 4710 de
1071 4660 1115 4709 Re.
1128 4661 1175 4712 Ru.
1188 4679 1209 4712 c.
1223 4678 1252 4726 3;
1268 4664 1347 4715 'lhue
1359 4665 1402 4714 lib.
1417 4681 1438 4714 1.
1450 4683 1471 4716 e.
1486 4682 1507 4715 a.
