4604 5562
827 726 887 781 ua
916 725 1019 780 suna
1047 725 1181 792 asaal,
1210 725 1289 780 cra.
1312 725 1354 792 rr,
1386 725 1473 780 cnr.
1497 725 1523 779 r.
1814 729 1874 798 127

475 971 621 1036 ‘iustitia
644 989 710 1034 non
737 977 847 1052 potest
874 967 1020 1032 inuenire
1029 962 1061 1031 ¹.'
1107 967 1152 1030 Et
1182 967 1279 1046 idem,
1307 965 1417 1049 ‘Quid
1444 989 1529 1051 opus
1554 967 1680 1033 homini
1706 969 1826 1052 lingua,
1849 969 1876 1032 si

474 1087 645 1148 ‘caussam
665 1101 782 1145 manus
800 1089 879 1163 agat
898 1075 1066 1144 armatai’
1097 1078 1154 1144 Sic
1174 1079 1257 1142 Iuno
1277 1087 1380 1162 atquo
1397 1079 1506 1144 Pallas
1527 1079 1645 1145 uolunt
1663 1079 1877 1162 Argonautas

474 1215 570 1279 agere
592 1189 668 1258 cnm
690 1192 789 1270 Aeta,
809 1202 845 1255 ut
864 1201 901 1255 ut
924 1191 994 1254 uiro
1017 1189 1115 1255 ualde
1132 1189 1318 1255 truculento
1327 1189 1348 1255 ².
1394 1190 1450 1256 Sic
1469 1193 1577 1274 agitur
1595 1192 1797 1257 moderatius
1815 1192 1877 1270 hic,

475 1316 508 1372 et
531 1306 657 1384 merito,
680 1313 816 1387 propter
838 1305 956 1368 caedes
983 1311 1016 1366 et
1039 1310 1174 1384 propter
1199 1302 1407 1382 uastationes‚
1428 1323 1528 1386 quam
1552 1305 1637 1368 circa
1663 1302 1876 1386 represalias:

475 1419 528 1482 ubi
555 1415 779 1499 distinguitur,
801 1416 892 1498 quod
914 1423 971 1479 aut
993 1411 1110 1478 iniuria
1132 1412 1219 1478 sacta
1245 1435 1265 1477 a
1291 1414 1420 1496 priuato
1444 1425 1502 1492 est,
1525 1425 1559 1480 et
1581 1416 1727 1498 petenda
1752 1415 1877 1479 iustitia

473 1529 515 1593 sit
538 1549 558 1593 a
583 1528 777 1612 magistratu
804 1525 867 1591 loci
898 1526 986 1590 unde
1016 1524 1132 1588 iniuria
1162 1535 1233 1590 est:
1265 1535 1322 1590 aut
1346 1548 1366 1590 a
1390 1527 1521 1609 publico
1547 1526 1635 1592 iacta
1659 1535 1718 1605 est,
1741 1537 1775 1591 et
1804 1537 1875 1590 tum

474 1641 592 1705 dentur
609 1638 804 1723 represaliae
823 1659 883 1702 nec
901 1638 1005 1721 petita
1023 1637 1146 1701 iustitia
1165 1637 1284 1720 prius³.
1331 1637 1376 1701 Et
1395 1638 1479 1703 forte
1497 1647 1547 1702 est
1566 1639 1657 1718 ratio,
1672 1639 1750 1721 quia
1768 1659 1877 1722 repre·

475 1751 575 1816 saliae
592 1759 627 1815 et
649 1759 785 1834 propter
802 1749 938 1814 omnino
956 1749 1186 1831 denegandam
1206 1748 1365 1814 iustitiam
1384 1751 1512 1814 dentur.
1543 1759 1642 1832 atque
1663 1750 1717 1815 hic
1739 1751 1876 1814 omnino

474 1861 561 1928 credi
591 1862 704 1946 possit,
732 1869 886 1944 negatam
916 1861 964 1939 iri,
988 1861 1045 1925 ubi
1075 1861 1244 1943 pubiicum
1275 1871 1389 1926 contra
1418 1860 1542 1926 sactum
1569 1883 1674 1940 sunm,
1697 1871 1810 1926 contra
1840 1883 1876 1926 se

473 1983 616 2040 statuere
638 1971 770 2038 habet4.
816 1971 987 2037 Publicum
1011 1973 1084 2038 dico
1107 1981 1164 2038 aut
1187 1972 1346 2056 populum
1369 1972 1516 2053 liberum,
1535 1983 1593 2037 ant
1615 1973 1815 2056 principem:
1839 1983 1876 2038 nt

474 2096 571 2151 antea
594 2093 644 2150 est
667 2085 878 2168 expositum:
901 2086 1022 2168 quide
1044 2084 1202 2149 iniustitia
1225 2093 1355 2167 patrata
1377 2107 1398 2148 a
1416 2106 1459 2164 se,
1475 2085 1528 2149 uel
1551 2095 1671 2168 negata
1689 2085 1812 2150 iustitia
1830 2086 1876 2149 sic

475 2196 726 2262 conueniendus.
764 2217 841 2260 nam
868 2195 970 2261 alium
998 2195 1226 2278 magistratum
1252 2195 1439 2260 inferiorem
1464 2218 1484 2260 a
1510 2197 1665 2280 principe,
1692 2205 1725 2260 et
1756 2197 1875 2279 magis-

474 2317 595 2372 tratum
611 2307 705 2372 liberi
724 2307 838 2390 populi
854 2306 1035 2390 quemlibet
1051 2307 1125 2370 dico
1144 2307 1321 2390 priuatum.
1353 2308 1443 2390 quod
1460 2316 1493 2372 et
1508 2307 1563 2372 alii
1578 2307 1711 2387 iaciunt,
1727 2317 1876 2391 respectu

463 2416 626 2502 'principis
651 2427 684 2482 et
708 2419 830 2502 populi,
853 2439 873 2483 a
896 2439 962 2501 quo
989 2419 1136 2501 pendent
1149 2418 1172 2479 ὅ.
1226 2418 1342 2501 Atque
1364 2419 1410 2482 sic
1433 2419 1614 2483 rectissime
1638 2420 1672 2483 in
1695 2420 1876 2502 proposito.

475 2550 550 2594 nam
577 2529 679 2594 habes
704 2530 887 2613 principem
913 2531 983 2593 eius
1008 2529 1141 2608 scilicet,
1164 2529 1220 2612 qui
1246 2529 1307 2593 tibi
1334 2530 1377 2594 de
1403 2530 1563 2595 iniustitia
1589 2530 1801 2613 magistratus
1827 2531 1877 2594 sui

475 2640 572 2706 saciat
594 2641 682 2706 satis.
728 2641 764 2707 Si
787 2642 940 2724 princeps
963 2661 1029 2705 non
1053 2641 1240 2720 satisfaciat,
1261 2649 1334 2705 tum
1357 2650 1408 2706 est
1429 2641 1630 2720 bellandum,
1651 2651 1723 2708 tum
1746 2644 1878 2708 dandae

476 2761 549 2816 sunt
571 2752 775 2836 represaliae.
830 2751 946 2835 Atque
969 2760 1074 2827 notes,
1098 2751 1188 2835 quod
1212 2751 1406 2835 represaliae
1432 2763 1509 2818 sunt
1534 2764 1647 2818 tamen
1673 2754 1877 2819 intimandae

478 2883 613 2945 semper.
658 2862 714 2928 Sic
741 2863 866 2926 bellum
894 2863 1114 2927 intimandum
1142 2871 1175 2927 et
1202 2883 1283 2927 mox
1307 2864 1488 2946 gerendum
1516 2871 1581 2929 ‘ex
1604 2862 1733 2930 edicto'
1776 2865 1876 2948 Quod

477 3088 541 3148 ‘ex
559 3085 729 3168 praedicto
739 3085 769 3163 ⁶,'
788 3087 845 3150 sed
865 3086 965 3149 etiam
984 3086 1074 3167 apud
1094 3083 1236 3164 Liuium,
1255 3084 1311 3148 ubi
1330 3086 1374 3150 de
1395 3086 1509 3164 Metio,
1529 3086 1636 3169 ‘Quia
1654 3107 1733 3150 suae
1751 3088 1877 3152 ciuitati

477 3195 680 3259 ‘animorum
714 3196 788 3278 plus
821 3217 921 3280 quam
952 3195 1069 3258 uirium
1100 3197 1255 3260 cernebat
1285 3217 1365 3271 esse,
1393 3197 1436 3260 ad
1470 3196 1594 3261 beilum
1627 3199 1738 3280 palam
1769 3208 1802 3262 et
1833 3220 1877 3263 ex

476 3308 605 3371 ‘edicto
627 3307 809 3389 gerendum
831 3306 913 3371 alios
936 3308 1078 3372 concitat
1099 3306 1249 3390 populos,
1272 3307 1338 3370 suis
1365 3327 1423 3390 per
1445 3309 1588 3390 speciem
1611 3309 1778 3374 societatis
1800 3330 1877 3391 pro·

477 3419 656 3482 ‘ditionem
687 3417 872 3483 reseruati!
932 3415 1048 3500 Atque
1080 3437 1143 3500 ego
1174 3418 1311 3482 uerbum
1343 3415 1397 3482 hic
1430 3439 1496 3482 non
1530 3440 1663 3502 expono
1693 3420 1736 3482 de
1768 3419 1877 3483 edicto

477 3529 695 3611 magistratus,
717 3539 774 3594 aut
796 3529 897 3607 ducis,
920 3549 1021 3612 quum
1044 3529 1161 3592 adesse
1183 3537 1217 3592 et
1239 3529 1413 3593 conuenire
1436 3529 1557 3593 milites
1579 3530 1794 3595 iubebantur:
1818 3531 1877 3594 sed

476 3639 536 3704 hoc
569 3641 642 3723 ipso
671 3641 714 3704 de
744 3641 832 3706 sacto
865 3641 978 3704 indicti
1012 3649 1045 3705 et
1078 3633 1266 3704 denunciati
1299 3637 1409 3705 belli⁸.
1468 3637 1721 3724 ‘Promulgata‚’
1749 3641 1877 3724 opinor,

478 3749 636 3833 ‘praelia’
660 3753 740 3816 dicit
764 3751 879 3817 Cicero
900 3775 944 3817 ex
969 3751 1097 3816 Ennio:
1129 3760 1162 3816 et
1184 3751 1302 3834 aliquis
1325 3772 1439 3815 eorum
1463 3753 1650 3818 criticorum
1671 3752 1878 3836 ‘praedicta'

478 3863 669 3942 nominaret,
684 3884 770 3946 quae
785 3873 863 3928 sunt
880 3863 1067 3928 ‘antedicta
1076 3857 1110 3927 ⁹.'

519 3973 598 4038 Post
621 3975 781 4039 indictum
802 3974 936 4054 bellum,
960 3975 1062 4054 uides,
1086 3973 1271 4058 exspectari
1294 3973 1403 4039 adhuc
1425 3975 1559 4040 solitum
1580 3976 1651 4041 dies
1678 3984 1744 4042 tres
1765 3986 1800 4042 et
1821 3977 1878 4042 tri-

481 4085 577 4166 ginta,
593 4094 772 4170 antequam
788 4098 964 4170 gereretur.
1011 4087 1056 4152 Et
1079 4085 1113 4151 id
1136 4107 1268 4171 quoque
1287 4087 1382 4152 iuste.
1405 4096 1443 4152 ut
1458 4087 1635 4153 dilationes
1657 4089 1690 4152 in
1713 4089 1877 4172 discepta-

479 4195 619 4263 tionibus
633 4198 693 4262 sori
709 4207 786 4264 sunt
806 4208 882 4282 post
905 4199 1104 4278 citationem,
1121 4199 1222 4264 libelli
1240 4197 1463 4264 oblationem:
1486 4199 1541 4264 ubi
1558 4199 1694 4266 indictio
1712 4201 1877 4285 quaedam

634 4449 643 4477 ¹
660 4449 774 4500 Cassiod
787 4463 810 4514 3.
822 4450 882 4501 Uar.
896 4465 918 4499 1.
1033 4451 1043 4480 ²
1060 4451 1147 4517 Apoll.
1159 4453 1221 4518 Arg.
1234 4467 1257 4516 3.
1268 4453 1285 4502 l.
1302 4466 1338 4516 15·
1437 4453 1447 4482 ¹
1464 4451 1518 4504 Bu.
1531 4471 1555 4514 4.
1567 4468 1635 4503 cons.
1650 4461 1704 4515 107.

526 4529 602 4582 ‘Bal
616 4547 719 4596 acuns.
733 4534 773 4596 58.
856 4532 1138 4586 ⁸Casa.Suet.6.not.
1153 4547 1190 4585 11.
1281 4534 1329 4586 ὀ,
1345 4549 1364 4584 1.
1380 4549 1454 4599 23.q.
1469 4550 1489 4586 a.
1572 4533 1833 4596 'Lin.lib.r.c.27.

572 4615 581 4644 ⁸
598 4615 673 4666 Briss.
685 4631 709 4679 4.
721 4615 753 4665 de
765 4615 849 4666 Form.
861 4633 882 4666 c.
896 4630 923 4666 11
937 4633 943 4673 ;
962 4616 978 4667 l.
993 4631 1031 4667 ro.
1043 4632 1107 4668 com.
1119 4618 1152 4668 di.
1167 4617 1212 4682 (D.
1227 4631 1264 4667 ro.
1278 4619 1312 4680 3).
1449 4617 1460 4648 ⁰
1477 4617 1527 4666 Cic.
1541 4632 1586 4682 pro
1599 4616 1694 4666 Murae.
1704 4631 1727 4665 c.
1742 4629 1778 4678 ¹4·
