4604 5562
505 704 566 748 100
987 698 1190 752 ALBERICI
1217 697 1417 752 GENTILIS

502 937 676 1000 iudicium:
707 938 762 1021 qui
786 940 851 1002 duo
877 939 1020 1004 historici
1044 941 1161 1003 ducem
1190 941 1281 1004 illum
1305 941 1554 1025 reprehendunt,
1577 944 1665 1024 quod
1692 951 1839 1005 moturus
1866 942 1899 1006 in

503 1048 672 1112 Romanos
695 1050 828 1128 bellum,
853 1071 917 1114 non
940 1073 961 1114 a
984 1053 1161 1134 repetenda
1183 1052 1344 1132 Sardinia,
1366 1075 1451 1136 quae
1473 1054 1585 1118 ablata
1608 1055 1674 1117 suis
1696 1073 1756 1136 per
1777 1055 1899 1119 occasi-

500 1181 598 1222 onem
625 1160 701 1223 belli
724 1163 1004 1242 mercenariorum,
1027 1174 1196 1243 statueret,
1219 1166 1341 1230 diceret
1367 1187 1500 1230 causam
1526 1167 1612 1245 belli,
1640 1167 1698 1230 sed
1726 1167 1839 1231 inanes
1864 1177 1897 1231 et

501 1273 626 1334 ratione
646 1283 795 1337 carentes
813 1274 894 1338 alias
911 1275 1126 1358 Saguntinas:
1150 1278 1240 1341 unde
1255 1279 1316 1340 sibi
1337 1278 1532 1361 principium
1552 1288 1739 1342 nasceretur
1755 1279 1898 1343 Romani

500 1381 576 1444 belli
588 1381 608 1444 ¹.
654 1383 752 1464 Nam,
768 1394 805 1448 ut
824 1395 947 1467 putem,
964 1407 1029 1451 non
1048 1409 1141 1452 ueras
1160 1387 1259 1452 luisse
1278 1410 1417 1467 caussas,
1433 1390 1551 1471 quibus
1570 1391 1603 1453 in
1622 1389 1746 1453 bellum
1766 1389 1891 1472 Sagun·

500 1495 605 1558 tinum
623 1497 745 1560 moueri
766 1518 809 1576 se,
826 1498 976 1563 Annibal
991 1500 1169 1564 afferebat:
1194 1509 1228 1564 at
1252 1500 1324 1564 illas
1346 1501 1445 1564 suisse
1461 1522 1563 1577 ueras,
1580 1502 1736 1584 puduisse
1760 1502 1898 1567 Cartha-

498 1606 658 1688 ginenses,
676 1609 819 1672 nobilem
843 1609 1011 1692 populum,
1034 1611 1181 1676 ablatum
1206 1633 1304 1692 mare,
1326 1623 1435 1696 raptas
1459 1613 1588 1690 insulas,
1606 1614 1734 1677 adiecta
1756 1614 1817 1677 sibi
1841 1615 1897 1677 tri-

498 1719 598 1783 buta:
622 1721 711 1802 quod
735 1730 847 1784 tamen
871 1731 1073 1786 transactum
1096 1724 1139 1787 de
1161 1724 1212 1788 his
1235 1734 1312 1804 erat,
1329 1725 1439 1789 induci
1459 1725 1566 1807 potuit
1586 1733 1701 1807 postea
1719 1725 1762 1788 de
1779 1725 1895 1788 iisdem
1921 1813 1924 1818 Ι

499 1829 605 1894 minus
628 1840 723 1905 recte,
744 1842 777 1895 et
795 1833 954 1914 disputari
964 1832 984 1897 ².
1031 1834 1177 1899 Siciliam
1201 1837 1297 1899 nimis
1320 1836 1416 1899 celeri
1439 1836 1667 1918 desperatione
1690 1856 1795 1898 rerum
1820 1856 1897 1899 con·

497 1957 645 2020 cessam3
669 1953 701 2006 et
726 1943 911 2008 Sardiniam
935 1945 1020 2008 inter
1042 1956 1168 2010 motum
1189 1945 1324 2011 Africae
1344 1947 1459 2010 sraude
1479 1948 1714 2023 Romanorum,
1731 1947 1896 2029 stipendio

473 2103 481 2114 .
498 2054 596 2116 etiam
612 2055 874 2136 superimposito,
891 2056 1106 2138 interceptam
1121 2081 1129 2134 ;
1153 2078 1267 2121 uerum
1287 2059 1339 2122 sit.
1370 2057 1422 2121 hic
1438 2066 1549 2121 tamen
1568 2058 1674 2121 nodus
1689 2067 1747 2134 est,
1764 2057 1895 2139 siquod

497 2184 556 2245 per
578 2185 671 2228 suam
690 2166 954 2248 desperationem
977 2166 1064 2232 male
1086 2169 1118 2230 in
1142 2168 1286 2232 finiendo
1308 2168 1396 2232 bello
1411 2169 1565 2247 iecerunt,
1582 2169 1614 2232 id
1632 2177 1706 2250 post
1723 2177 1897 2232 retractare

499 2275 773 2359 Carthaginenses
806 2277 890 2341 iuste
916 2279 1091 2360 potuerint.
1124 2289 1157 2342 et
1187 2289 1275 2343 certe
1304 2300 1369 2344 non
1394 2287 1579 2362 potuerunt.
1625 2281 1696 2344 Nec
1723 2280 1810 2342 enim
1835 2280 1898 2342 ista

497 2389 650 2451 dicuntur
672 2389 703 2451 in
728 2387 831 2465 bellis,
854 2389 1131 2471 disputationibus
1154 2391 1314 2455 uiolentia.
1370 2389 1439 2454 Sed
1462 2399 1495 2454 et
1518 2391 1591 2472 quis
1614 2391 1767 2455 rescindit
1790 2398 1895 2453 trans-

496 2502 660 2564 actionem
684 2500 749 2565 litis
772 2502 884 2580 ciuilis,
907 2511 1083 2584 praetextu
1106 2501 1188 2566 hoc:
1214 2504 1305 2585 quod
1328 2504 1370 2566 ad
1395 2523 1467 2566 eam
1491 2503 1697 2566 descenderit
1719 2501 1803 2584 quia,
1822 2500 1894 2564 aliis

496 2621 567 2674 tum
591 2612 702 2676 litibus
725 2623 912 2696 occupatus,
928 2622 961 2676 et
983 2614 1054 2677 aliis
1073 2615 1235 2677 distentus
1258 2614 1407 2696 negotiis,
1423 2633 1593 2695 superesse
1612 2612 1640 2677 ei
1660 2622 1828 2696 praeterea
1844 2612 1892 2676 liti

496 2723 694 2806 nequiisset?
741 2724 817 2789 Hoc
838 2733 1029 2807 praetexere
1052 2724 1327 2808 Carthaginenses
1347 2725 1493 2790 habuere
1515 2745 1574 2808 pro
1596 2725 1755 2790 Sardinia
1803 2725 1891 2788 Nam

494 2836 521 2898 si
542 2834 629 2899 fraus
647 2844 823 2918 praeterea,
846 2845 880 2899 et
903 2837 1042 2918 perfidia
1062 2835 1172 2918 aliqua
1197 2838 1422 2901 Romanorum
1446 2837 1636 2914 intercessit,
1659 2833 1716 2922 (de
1738 2857 1805 2918 quo
1827 2837 1893 2900 dis·

495 2954 576 3028 puto
601 2947 635 3009 in
665 2946 754 3010 libris
779 2948 821 3011 de
845 2948 943 3010 armis
969 2945 1141 3034 Romanis)
1166 2947 1316 3012 concludi
1347 2969 1406 3031 pro
1433 2945 1747 3029 Carthaginensibus
1772 2956 1892 3030 posset.

493 3065 655 3121 ettamen
676 3078 726 3122 res
747 3057 843 3122 luerit
864 3079 993 3140 semper
1013 3059 1208 3140 impeditior.
1253 3058 1288 3122 A
1312 3056 1463 3141 Sagunto
1486 3060 1605 3123 rectius
1626 3059 1762 3122 omnino
1785 3058 1892 3122 Anni-

493 3167 548 3230 bal
582 3169 647 3250 qui,
672 3189 731 3233 nec
765 3171 889 3232 moueri
923 3190 942 3232 a
973 3191 1008 3232 se
1039 3170 1071 3233 in
1103 3169 1273 3234 Romanos
1303 3170 1427 3234 bellum
1458 3171 1588 3248 dixerit,
1611 3170 1672 3233 etsi
1704 3169 1890 3251 Saguntum

493 3289 707 3362 oppugnaret.
761 3279 921 3363 Quaestio
944 3289 994 3344 est
1016 3279 1148 3358 scilicet,
1170 3282 1196 3343 si
1222 3281 1447 3362 comprehensi
1471 3280 1604 3345 foedere
1627 3301 1702 3345 cum
1728 3281 1890 3344 Romanis

493 3388 667 3472 Saguntini
700 3401 830 3471 essent;
876 3401 918 3470 et,
952 3391 1179 3475 comprehensi
1213 3393 1288 3456 licet
1324 3402 1443 3471 essent,
1473 3395 1563 3475 quod
1595 3402 1706 3457 tamen
1739 3391 1889 3456 hostibus

491 3501 669 3565 Annibalis
698 3503 853 3582 subsidio,
884 3512 917 3567 et
944 3503 1093 3586 perfugio
1123 3503 1250 3582 suerint,
1277 3524 1334 3568 eos
1363 3503 1512 3567 Annibal
1538 3504 1755 3588 oppugnabat
1781 3504 1889 3568 iustis-

491 3613 581 3677 sime.
629 3616 725 3697 Ipsos
754 3615 854 3678 etiam
886 3615 1065 3694 Romanos,
1092 3617 1288 3699 quibuscum
1318 3637 1377 3699 per
1408 3626 1459 3681 tot
1488 3616 1621 3681 foedera
1651 3618 1781 3681 iunctus
1810 3625 1889 3695 erat,

492 3736 717 3807 oppugnasset
753 3737 841 3790 recte
875 3727 901 3789 si
938 3727 1082 3791 Romani
1117 3729 1163 3792 sic
1199 3728 1429 3792 subuenissent
1464 3726 1615 3792 hostibus
1650 3728 1888 3810 Carthaginen-

491 3837 585 3913 sium,
621 3838 903 3918 quemadmodum
936 3837 1111 3920 Saguntini
1143 3838 1387 3916 subuenerunt3
1426 3849 1459 3902 et
1490 3859 1534 3902 ex
1561 3839 1684 3904 recenti
1716 3835 1768 3925 (ut
1802 3859 1890 3903 nunc

491 3943 690 4032 quaerimus)
716 3967 815 4011 causa
840 3947 1013 4013 intulisset.
1059 3949 1158 4013 Hanc
1182 3958 1347 4013 recentem
1375 3970 1508 4014 causam
1539 3951 1707 4033 quaesiere
1735 3949 1888 4027 Romani,

490 4057 614 4120 bellum
645 4061 860 4142 suscipientes
890 4070 1005 4124 contra
1035 4059 1224 4143 Philippum
1253 4082 1365 4144 regem
1397 4062 1623 4126 Macedoniae.
1662 4081 1770 4144 neque
1801 4062 1889 4125 enirn

489 4169 612 4251 priores
643 4171 686 4233 ab
721 4192 761 4235 eo
792 4182 944 4253 acceptas
977 4172 1118 4250 iniurias,
1148 4173 1206 4236 sed
1241 4185 1450 4256 praesentem
1482 4175 1641 4239 Graeciae
1674 4182 1800 4238 statum
1829 4173 1889 4236 ob·

488 4281 638 4359 tendunt,
655 4261 749 4345 ‘eam
770 4302 919 4345 caussam
942 4291 1185 4365 praetexentes,
1201 4285 1289 4365 quod
1314 4283 1487 4350 Graeciam
1511 4285 1684 4368 Philippus
1704 4284 1886 4358 inuasisset,

587 4573 594 4602 ¹
611 4575 698 4640 Polyb.
711 4575 754 4624 lib.
767 4589 788 4638 3.
801 4591 836 4625 cc.
850 4577 873 4632 8,
887 4587 932 4638 13;
950 4575 1005 4624 Liu.
1019 4588 1057 4624 21.
1069 4591 1091 4626 c.
1103 4587 1127 4638 5.
1316 4577 1326 4606 ²
1343 4578 1410 4629 Flor.
1423 4579 1466 4628 lib.
1481 4593 1502 4628 a.
1515 4583 1536 4629 d.
1549 4577 1577 4636 6;
1596 4577 1651 4626 Liu.
1665 4588 1704 4627 21.
1715 4592 1738 4626 c.
1752 4576 1790 4626 18.
