4456 5566
505 691 546 739 20
989 681 1191 736 ALBERICI
1219 681 1418 736 GENTILIS

504 927 690 983 trouertunt
706 918 900 1001 interpretes
911 917 931 984 ¹.
973 919 1065 998 Mihi,
1081 919 1291 1002 quaestiones
1306 919 1383 982 facti
1398 917 1570 1000 attingere,
1586 937 1651 982 non
1668 917 1759 982 libet.
1794 915 1901 981 Gerre:

505 1030 617 1096 taliter
637 1031 753 1094 uerum
774 1031 806 1093 id
831 1039 889 1108 est,
907 1040 944 1094 ut
967 1039 1115 1114 potestas
1135 1030 1390 1096 feudatariorum
1414 1031 1457 1094 de
1478 1028 1671 1093 inuestitura
1694 1037 1872 1112 quaeratur
1880 1027 1900 1092 ².

506 1143 590 1207 Hoc·
610 1141 864 1223 circumscripto,
891 1142 1050 1225 probatur
1079 1142 1159 1205 mihi
1189 1143 1370 1226 disputatio
1394 1140 1517 1205 Alciati
1544 1141 1718 1204 aduersum
1749 1139 1900 1222 reliquos,

504 1263 542 1318 ut
564 1253 747 1336 superiores
768 1251 830 1315 hos
853 1273 985 1335 quoque
1007 1273 1207 1332 censeamus,
1225 1263 1258 1318 et
1281 1273 1377 1337 posse
1399 1273 1513 1335 gerere
1534 1251 1623 1316 bella
1632 1251 1654 1316 ³.
1700 1249 1900 1334 Quanquam

504 1365 593 1428 idem
609 1362 771 1440 Alciatus‚
789 1385 832 1426 ex
848 1362 935 1428 iacto
953 1363 1130 1443 consultus,
1146 1365 1326 1429 contrarius
1344 1364 1404 1428 sibi
1426 1364 1633 1446 respondeat,
1648 1362 1751 1426 uideri
1766 1363 1901 1445 quidem

418 1551 420 1554 ¹
506 1474 703 1540 Germaniae
719 1474 885 1556 Principes
908 1473 941 1536 in
958 1475 1051 1556 quasi
1074 1475 1280 1558 possessione
1303 1495 1374 1540 esse
1391 1474 1487 1538 huius
1507 1474 1585 1538 iuris
1600 1473 1740 1537 faciendi
1756 1451 1897 1536 bellum:

504 1587 563 1650 sed
579 1593 612 1650 et
627 1584 758 1667 probari
775 1585 871 1654 istam
887 1593 1038 1667 oportere
1050 1585 1144 1667 quasi
1159 1585 1419 1668 possessionem:
1441 1593 1474 1648 et
1490 1584 1564 1668 lege
1580 1583 1777 1649 Germaniae
1793 1584 1902 1646 nouis-

504 1697 588 1761 sima
603 1695 787 1760 sublatam:
807 1705 840 1759 et
856 1696 925 1758 iure
942 1715 1007 1759 non
1022 1695 1121 1760 tribui
1131 1694 1153 1760 ⁴.
1198 1696 1248 1760 At
1261 1716 1354 1778 reges
1369 1696 1479 1774 creati,
1495 1696 1555 1759 etsi
1571 1694 1694 1760 subditi
1710 1694 1785 1776 sint,
1801 1714 1901 1759 reser-

504 1817 582 1872 uata
605 1806 810 1889 Principibus
832 1807 971 1870 summis
993 1808 1106 1870 omnia
1128 1805 1278 1871 obtinent
1305 1808 1436 1871 statim:
1472 1804 1573 1870 etiam
1600 1807 1732 1870 dicente
1757 1803 1901 1871 Alciato.

505 1918 551 2000 Et
570 1919 671 1983 duces
690 1915 793 2005 (quod
817 1917 871 1981 alii
890 1915 1018 2004 dicunt)
1034 1927 1110 1981 sunt
1131 1919 1352 2002 Imperatores
1373 1919 1405 1983 in
1426 1940 1485 1984 suo
1506 1920 1629 1983 ducatu
1639 1918 1661 1983 ⁶.
1708 1918 1785 1981 Non
1808 1937 1902 1981 exer·

504 2039 581 2094 cent
607 2029 780 2094 feudatarii
807 2029 876 2093 iura
903 2029 1025 2112 regalia
1051 2050 1125 2095 cum
1153 2051 1212 2095 suo
1238 2030 1444 2113 superiore⁶:
1475 2031 1533 2095 sed
1558 2028 1739 2111 foedusque
1764 2037 1903 2111 possunt

504 2160 580 2205 cum
606 2140 679 2204 aliis
706 2141 786 2205 inire
810 2141 955 2206 tament.
1012 2141 1065 2207 De
1087 2142 1283 2222 ciuitatibus,
1304 2163 1388 2224 quae
1415 2161 1474 2206 nec
1500 2151 1577 2208 sunt
1599 2141 1743 2219 seudum,
1766 2151 1800 2206 et
1825 2151 1903 2206 sunt

504 2251 640 2317 omnino
658 2250 787 2330 liberae,
803 2261 839 2317 ut
856 2251 1028 2328 Uenetiae,
1046 2272 1112 2316 non
1128 2252 1274 2331 dubium,
1290 2253 1368 2335 quin
1389 2253 1476 2316 idern
1492 2253 1628 2335 possint,
1644 2251 1732 2335 quod
1748 2251 1902 2335 Princeps

504 2361 642 2445 quilibet
654 2361 854 2446 supremusi.
878 2363 924 2426 Et
936 2372 1068 2446 recepta
1083 2363 1165 2428 haec
1181 2373 1231 2428 est
1244 2372 1428 2426 nostrorum
1444 2362 1570 2445 opinior
1586 2371 1620 2427 et
1635 2383 1695 2445 pro
1711 2373 1800 2427 certo
1815 2384 1902 2428 uera.

504 2472 671 2556 Quicquid
695 2474 858 2556 ineptiant
880 2473 1002 2557 aliqui⁹
1018 2474 1051 2538 in
1074 2473 1193 2550 Roma,
1211 2495 1276 2537 non
1299 2473 1509 2551 attendendo,
1526 2474 1559 2538 id
1583 2475 1626 2538 de
1648 2475 1802 2538 omnibus
1824 2475 1902 2538 ciui·

503 2585 629 2649 tatibus
651 2605 733 2660 esse,
755 2587 844 2667 quod
870 2586 913 2649 de
937 2585 1046 2649 Roma
1068 2584 1188 2650 dicitur
1209 2585 1243 2650 in
1266 2585 1334 2648 iure
1355 2593 1476 2664 nostro,
1494 2585 1520 2648 si
1543 2605 1629 2668 quae
1656 2595 1732 2650 sunt
1756 2586 1848 2665 taleS,
1866 2596 1902 2650 ut

505 2695 616 2764 Roma
639 2695 710 2760 luit.
756 2695 822 2779 Qui
847 2696 1021 2780 Principes,
1045 2695 1206 2772 dicuntur,
1232 2717 1292 2760 nec
1314 2706 1470 2761 exercent
1493 2696 1526 2759 in
1548 2696 1734 2779 principatu
1758 2697 1903 2763 iurisdic-

504 2808 639 2886 tionem,
650 2808 684 2872 hi
701 2827 808 2891 neque
822 2817 907 2886 sunt,
919 2829 1026 2892 neque
1041 2809 1194 2876 dicuntur
1205 2808 1335 2891 proprie
1347 2807 1551 2891 Principes¹⁰.
1574 2808 1631 2873 Sic
1646 2816 1722 2873 sunt
1738 2809 1770 2874 in
1787 2811 1902 2874 eadem

505 2918 692 2996 Germania,
711 2919 767 3002 qui
790 2920 891 2986 duces
913 2921 1066 2984 dicuntur
1086 2921 1164 2983 uiuo
1186 2927 1279 3002 patre
1302 2920 1395 2998 duce,
1410 2918 1474 2984 alio
1497 2920 1582 2998 uiuo,
1598 2920 1654 3002 qui
1678 2929 1802 3002 regnat,
1823 2922 1902 2985 dum

505 3031 585 3112 ipsis
608 3029 697 3105 nihil,
714 3031 775 3094 nisi
795 3032 919 3095 nudum
940 3041 1061 3110 manet,
1080 3042 1113 3096 et
1132 3032 1201 3096 sine
1224 3052 1258 3094 re
1281 3052 1402 3096 nomen
1425 3031 1531 3096 inane.
1577 3031 1697 3096 ‘Filios
1719 3031 1902 3116 principum

505 3141 712 3224 ‘principes3
735 3141 820 3208 filios
843 3163 957 3226 regum
982 3162 1074 3225 reges
1093 3163 1173 3222 esse,
1193 3141 1267 3226 quis
1287 3141 1481 3208 nesciat¹¹?’
1527 3141 1618 3220 Esse,
1637 3161 1709 3224 ego,
1728 3142 1902 3222 Bernarde‚

506 3254 635 3330 nescio3
658 3253 732 3332 dici,
748 3253 823 3333 scio,
839 3275 944 3319 uacuo
959 3252 1133 3318 nominem.

1113 3535 1202 3608 Car.
1236 3535 1300 3608 IV.

905 3719 1088 3793 Latrones
1113 3719 1244 3792 bellum
1271 3745 1342 3792 non
1361 3730 1508 3816 gerunt.

550 3908 637 3973 CUM
656 3906 778 3989 piratis
793 3914 826 3970 et
842 3903 1033 3968 latrunculis
1047 3903 1172 3967 bellum
1192 3923 1256 3968 non
1273 3913 1331 3983 est,
1347 3916 1384 3972 ut
1402 3906 1448 3970 ita
1464 3906 1674 3990 Pomponius,
1690 3916 1724 3973 et
1741 3908 1905 3992 Ulpianus

506 4018 713 4085 definierunt.
771 4017 906 4080 Etenim
932 4015 986 4080 isti
1012 4014 1236 4096 delinquendo
1263 4036 1328 4079 non
1356 4037 1391 4082 se
1416 4018 1652 4084 subtraxerunt
1678 4021 1902 4087 iurisdictioni.

669 4217 679 4247 ¹
695 4217 749 4268 Bal.
761 4231 784 4280 5.
796 4231 865 4266 cons
877 4228 939 4277 300;
956 4215 973 4263 l.
988 4228 1008 4264 1.
1020 4214 1050 4264 C.
1062 4213 1093 4262 de
1104 4214 1137 4263 iu.
1148 4229 1188 4265 au.
1200 4229 1240 4266 an.
1252 4215 1288 4278 (6.
1301 4216 1336 4278 8).
1484 4217 1495 4246 ²
1511 4217 1573 4270 Dec.
1589 4234 1610 4268 r.
1621 4236 1688 4272 cons.
1701 4223 1741 4283 58.

604 4301 614 4332 ⁸
631 4300 695 4351 alei.
707 4299 725 4350 1.
737 4312 760 4364 5.
771 4299 803 4348 de
814 4298 871 4348 iust.
883 4305 907 4347 et
919 4296 965 4346 iur.
978 4294 1024 4359 (D.
1038 4309 1059 4347 1.
1074 4297 1112 4358 1);
1131 4313 1152 4348 c.
1164 4297 1239 4362 quod.
1250 4297 1282 4348 de
1293 4297 1334 4348 oli.
1345 4298 1426 4348 ordin.
1511 4277 1522 4294 ⁹
1561 4300 1624 4353 ⁴A1.
1637 4316 1660 4366 5.
1672 4318 1741 4353 cous.
1752 4317 1806 4366 ¹³²·

638 4427 639 4432 ,
719 4382 730 4412 ⁸
746 4381 826 4445 Ceph.
839 4395 907 4432 cons.
919 4393 975 4444 539.
1146 4377 1156 4407 ¹
1173 4379 1253 4444 Ceph.
1428 4379 1437 4410 ²
1454 4381 1509 4431 Bal.
1521 4395 1541 4433 1.
1554 4398 1622 4435 cons.
1635 4384 1692 4449 369.

650 4465 661 4494 ⁸
677 4465 738 4515 Dec.
751 4479 818 4514 cons.
832 4474 887 4525 1²5·
900 4475 962 4525 5345
979 4460 1035 4510 Alc„
1047 4475 1068 4510 1.
1079 4475 1147 4511 cous.
1158 4463 1201 4517 18;
1220 4461 1299 4527 Ceph.
1311 4462 1357 4526 583
1376 4465 1455 4514 Castr.
1467 4464 1484 4515 l.
1496 4479 1517 4516 1.
1528 4465 1560 4516 de
1571 4467 1628 4518 iust.
1641 4468 1686 4530 (D.
1700 4469 1716 4518 i.
1731 4469 1765 4530 1.)

702 4544 807 4611 ’Cepb
819 4559 887 4595 cons.
899 4543 955 4607 615.
1037 4541 1292 4607 ¹⁰Alc.3.cons.3,5.
1374 4543 1390 4573 ²¹
1408 4546 1462 4597 Ber.
1474 4546 1552 4597 Serm.
1563 4548 1595 4600 de
1606 4550 1672 4602 Adu.
1687 4565 1708 4600 r.

932 4623 1477 4688 ¹¹Seru.nd3Eecl.l.106.6rlen.l.28.
