4604 5562
758 697 818 750 DE
846 696 949 750 IURE
977 696 1112 768 BELLI,
1139 697 1267 769 Hal,
1299 697 1387 755 CAP.
1409 699 1512 755 XXII.
1790 710 1832 773 99

376 1021 378 1026 Ι
438 937 570 998 ‘autem
585 932 641 996 ubi
663 934 793 1016 singuli,
808 935 963 998 continuo
986 935 1030 998 ibi
1049 934 1199 1000 uniuersi.
1246 936 1374 1018 Singuli
1398 937 1486 1001 enim
1509 957 1579 1000 esse
1601 945 1739 1020 possunt
1762 935 1833 999 sine

437 1050 445 1078 ‘
459 1047 628 1110 uniuerso:
653 1046 795 1110 uniuersi
812 1055 924 1110 autem
945 1068 1011 1111 non
1030 1056 1167 1130 possunt
1186 1047 1247 1111 nisi
1263 1069 1306 1111 ex
1322 1048 1459 1130 singulis
1474 1049 1659 1131 quibusque
1674 1057 1832 1112 constare.

438 1160 445 1188 ‘
460 1177 535 1219 nam
547 1156 667 1240 singuli
683 1157 807 1240 quique
823 1159 1020 1240 congregati,
1031 1157 1083 1221 uel
1100 1159 1133 1221 in
1148 1179 1313 1222 summam
1327 1161 1478 1241 reputati,
1491 1158 1614 1223 iaciunt
1627 1153 1833 1223 uniuersos¹.’

437 1265 578 1332 Addunt
601 1269 702 1332 nostri
722 1267 927 1351 explicatius,
943 1270 1033 1352 quod
1054 1268 1177 1333 factum
1194 1291 1214 1332 a
1230 1271 1345 1333 maiori
1361 1280 1455 1352 parte
1473 1271 1593 1334 dicitur
1614 1272 1658 1333 ab
1680 1270 1833 1333 uniuerso

371 1423 375 1430 ·
436 1378 567 1459 lactum,
583 1389 617 1444 et
635 1379 813 1462 publicum,
829 1380 856 1444 si
874 1401 895 1444 a
911 1381 1025 1444 maiori
1044 1401 1109 1444 non
1128 1380 1340 1463 singulorum,
1355 1382 1414 1445 sed
1436 1382 1577 1445 uniuersi
1595 1391 1690 1464 parte
1707 1380 1832 1444 sactum

436 1499 483 1554 est
492 1488 514 1552 ².
568 1489 669 1573 Quod
690 1500 723 1554 et
748 1501 884 1555 certum.
930 1491 984 1555 De
998 1491 1146 1573 legitima
1161 1493 1414 1574 congregatione
1432 1493 1533 1571 aiunt,
1548 1501 1606 1556 aut
1625 1513 1707 1556 sono
1723 1491 1833 1569 tubae,

436 1600 488 1664 uel
513 1621 704 1683 campanae,
727 1601 779 1665 uel
806 1601 872 1666 alio
899 1601 1000 1666 modo
1026 1613 1185 1667 consueto
1211 1612 1364 1685 oportere
1388 1623 1461 1666 eam
1488 1625 1560 1667 esse
1586 1613 1832 1687 congregatam.

436 1713 480 1778 Et
502 1714 636 1796 quando
659 1733 724 1778 non
747 1722 818 1777 tota
841 1714 1030 1778 conueniret
1049 1715 1173 1794 ciuitas,
1189 1715 1289 1779 etiam
1308 1715 1428 1779 debere
1447 1716 1619 1779 consilium
1637 1715 1832 1796 praecedere

435 1845 608 1889 commune
637 1827 679 1889 ad
707 1826 840 1906 sactum,
867 1846 927 1890 nec
955 1846 1027 1890 esse
1057 1826 1145 1904 satis,
1169 1826 1196 1889 si
1226 1825 1353 1891 bellicis
1377 1827 1520 1891 ciuitatis
1549 1826 1772 1890 instrumentis
1798 1834 1832 1890 et

434 1937 534 2018 signis
563 1938 802 2020 procederetur.
850 1934 886 2001 Si
916 1947 988 2001 tota
1020 1938 1195 2002 conueniat
1225 1937 1349 2016 ciuitas,
1376 1937 1456 2002 nihil
1488 1941 1653 2017 interesse,
1679 1958 1721 2001 an
1750 1936 1832 2001 haec

435 2047 676 2126 interuenerint,
696 2056 730 2112 et
753 2047 937 2113 concilium.
967 2047 1053 2112 iacta
1072 2048 1160 2110 enim
1179 2048 1226 2112 sic
1244 2058 1320 2112 sunt
1340 2051 1430 2127 satis,
1448 2057 1484 2113 ut
1507 2049 1616 2114 uerba.
1661 2049 1707 2112 Et
1726 2049 1771 2112 sic
1790 2049 1833 2112 de

434 2157 635 2224 Ancharano
654 2160 806 2224 Ferretus
829 2162 936 2225 docet.
983 2158 1080 2242 Quae
1101 2158 1155 2223 hic
1177 2160 1266 2224 satis.
1311 2159 1348 2224 Si
1371 2181 1437 2224 non
1455 2161 1576 2224 omitto
1596 2161 1678 2224 illud
1701 2179 1833 2243 quoque

434 2269 551 2348 dicere,
569 2270 658 2352 quod
677 2280 714 2334 ut
730 2279 767 2334 ut
789 2269 870 2334 haec
893 2271 1070 2353 exigantur
1084 2271 1126 2334 ad
1143 2270 1301 2334 delictum
1324 2271 1411 2349 sacti,
1430 2291 1496 2335 non
1520 2273 1698 2354 exiguntur
1719 2279 1832 2335 tamen

433 2381 475 2444 ad
499 2381 656 2445 delictum
677 2401 743 2445 non
767 2379 853 2446 facti.
886 2381 949 2446 hoc
972 2383 1095 2464 quippe
1120 2401 1186 2444 non
1205 2381 1283 2446 facti
1302 2383 1489 2447 admittitur
1514 2384 1584 2447 sine
1608 2393 1703 2447 tanta
1725 2381 1832 2446 solen-

434 2493 536 2558 nitate
546 2493 568 2558 ³.
614 2494 659 2557 Et
682 2494 876 2576 exemplum
896 2503 954 2572 est,
977 2514 1080 2576 quum
1102 2494 1297 2558 uniuersitas
1320 2495 1458 2578 negligit
1480 2495 1605 2559 iactum
1628 2495 1832 2578 priuatorum

435 2607 617 2670 emendare.
664 2606 779 2671 Recte.
833 2607 923 2670 Nam
939 2626 995 2670 cur
1010 2626 1076 2669 non
1092 2625 1127 2668 se
1143 2605 1344 2689 congregat?
1389 2607 1462 2672 Aut
1478 2608 1524 2673 sic
1539 2609 1601 2673 erit
1616 2608 1649 2670 in
1664 2615 1832 2690 potestate

436 2717 583 2796 ciuitatis
602 2717 732 2800 culpam
749 2738 880 2802 semper
895 2727 928 2781 et
942 2717 1065 2782 bellum
1082 2717 1234 2800 effugere.

1002 3104 1090 3178 Cnr.
1123 3103 1263 3178 XXII.

766 3306 826 3378 De
851 3306 1001 3378 uetustis
1026 3306 1163 3378 caussis
1189 3329 1262 3378 mm
1287 3304 1494 3377 excitandis.

478 3507 674 3584 SEQUITUR
700 3507 856 3572 nonnulla
882 3509 948 3572 alia
973 3509 1132 3591 quaestio.
1178 3508 1225 3570 Et
1247 3508 1353 3591 prima
1376 3506 1466 3585 haec,
1489 3504 1516 3570 si
1540 3513 1690 3569 uetustae
1712 3524 1831 3568 causae

434 3617 536 3681 afferri
557 3627 697 3702 possunt
717 3620 760 3683 ad
775 3619 899 3684 bellum
915 3619 1111 3683 faciendum.
1160 3617 1200 3680 In
1216 3638 1282 3700 qua
1297 3637 1359 3700 ego
1382 3637 1461 3680 sane
1476 3615 1623 3694 arbitror,
1639 3635 1705 3679 non
1724 3614 1831 3678 afferri

433 3749 535 3810 posse.
592 3731 671 3794 Non
695 3731 799 3806 decet,
823 3751 916 3814 reges
942 3729 1130 3794 meminisse
1153 3729 1285 3792 iniurias
1308 3738 1442 3807 ueteres,
1465 3729 1556 3810 quod
1579 3727 1707 3810 ipsique
1730 3727 1832 3791 audet

435 3838 505 3903 Ioui
535 3840 750 3905 Prometheus
780 3843 887 3906 dicere
897 3842 918 3907 ⁴.
974 3843 1020 3905 Et
1047 3841 1230 3919 historicus,
1254 3839 1432 3904 ‘obsoletis
1462 3837 1650 3904 criminibus
1679 3838 1832 3922 perfricta

435 3949 562 4015 ‘fronte
592 3953 789 4016 renouandis
820 3974 879 4016 rex
911 3952 1042 4017 Siciliae
1071 3951 1195 4016 bellum
1229 3951 1418 4034 imperatori
1450 3946 1660 4015 minitatur⁶.'
1714 3950 1760 4014 Et
1786 3951 1832 4014 ita

436 4059 574 4126 Ioannes
591 4063 739 4127 Bodinus
753 4084 893 4147 quoque,
909 4064 1056 4128 ‘Uetera
1071 4062 1135 4127 huc
1151 4084 1216 4127 non
1232 4063 1410 4127 afferentur
1419 4059 1451 4128 ὅ]
1488 4061 1625 4144 Alioqui
1640 4061 1719 4144 quid
1732 4070 1832 4140 uetat,

434 4174 607 4252 quominus
630 4194 743 4238 caussa
769 4176 812 4240 sit
838 4195 969 4258 semper
995 4175 1114 4257 aliqua,
1133 4175 1160 4238 si
1187 4175 1346 4258 persequi,
1365 4184 1399 4239 et
1424 4176 1605 4258 producere
1631 4173 1774 4255 antiqua,
1798 4181 1832 4237 et

434 4285 602 4367 antiquata
620 4286 807 4368 possimus?
852 4287 992 4350 Probaui
1008 4307 1072 4368 ego
1090 4307 1220 4369 semper
1235 4286 1412 4351 Annibalis
1430 4307 1529 4371 supra
1545 4285 1673 4369 Polybii
1693 4294 1726 4348 et
1744 4283 1831 4347 Liuii

506 4509 597 4575 ¹Aug.
610 4511 670 4560 Len.
682 4527 706 4576 q.
720 4512 758 4562 26.
824 4510 909 4562 ¹n1c.
922 4511 938 4560 l.
953 4523 990 4574 η.
1002 4512 1023 4562 si
1035 4527 1121 4577 cepe.
1136 4511 1234 4574 (1212.
1250 4512 1283 4574 ι),
1296 4525 1363 4560 cons.
1379 4523 1415 4571 ²3·
1428 4508 1471 4560 lib.
1484 4520 1507 4570 5.
1573 4506 1758 4568 ’nnuma

676 4592 881 4644 *LuciaProm
979 4591 1249 4656 *Niceta1.Alex.7.
1348 4590 1438 4640 ⁸B0d.
1452 4607 1474 4652 5.
1488 4590 1519 4639 de
1531 4591 1593 4654 Rep.

1101 4797 1160 4846 02
