4604 5562
483 727 522 795 82
967 743 1169 797 Araxum
1197 741 1396 796 GENTJLJS

481 990 636 1063 negetur:
659 982 686 1045 si
702 984 870 1064 portubus,
885 986 912 1048 si
931 981 1126 1062 commeatu,
1145 985 1171 1048 si
1193 993 1384 1062 mercatura,
1402 984 1429 1046 si
1448 982 1644 1047 commercio
1663 983 1878 1048 excludimur.

481 1091 528 1155 Et
550 1095 593 1157 de
616 1093 731 1159 itinere
755 1095 801 1159 ita
824 1095 1041 1177 Augustinus,
1063 1098 1279 1164 ‘Notandum
1304 1105 1354 1160 est
1378 1115 1467 1172 sane,
1487 1096 1769 1177 quemadmodum
1793 1096 1880 1159 iusta

482 1203 593 1268 ‘bella
614 1206 814 1287 gerebantur
832 1229 853 1272 a
875 1207 950 1272 filiis
973 1208 1077 1272 Israel
1100 1219 1214 1272 contra
1229 1208 1441 1271 Amorraeus.
1488 1206 1651 1269 Innoxius
1667 1205 1754 1269 enim
1773 1216 1878 1270 trans-

481 1315 570 1379 ‘itus
592 1317 838 1398 denegabatur:
868 1321 924 1401 qui
946 1321 1015 1385 iure
1037 1321 1203 1385 humanae
1225 1321 1392 1384 societatis
1414 1319 1615 1400 aequissimo
1641 1327 1755 1400 patere
1779 1318 1878 1382 debe-

481 1423 601 1492 ‘bat¹.'
647 1429 851 1494 Naturaliter
868 1432 980 1495 omnia
998 1433 1116 1496 itinera
1134 1431 1244 1510 libera,
1261 1431 1385 1495 Baldus
1402 1429 1479 1494 ait².
1526 1429 1573 1492 Et
1594 1431 1691 1493 indici
1710 1430 1790 1494 olim
1808 1429 1878 1492 bel-

480 1538 549 1602 lum
571 1539 705 1604 solitum
727 1541 771 1605 ab
794 1541 930 1607 ecclesia
952 1552 1067 1608 contra
1084 1544 1218 1622 Turcas‚
1237 1543 1293 1626 qui
1316 1541 1537 1626 prohibebant
1560 1541 1735 1623 quominus
1756 1543 1877 1604 iremus

480 1669 540 1714 nos
563 1660 679 1716 contra
708 1651 891 1718 Saracenos
920 1653 1034 1719 hostes
1065 1664 1201 1734 nostros,
1223 1665 1258 1719 et
1280 1654 1423 1720 referunt
1440 1653 1505 1733 alii,
1529 1662 1563 1718 et
1586 1653 1618 1715 in
1642 1654 1711 1716 iure
1732 1653 1779 1716 sic
1802 1674 1879 1736 pro·

478 1762 580 1827 bant:
604 1764 680 1846 quia
698 1765 732 1828 id
748 1766 974 1830 turbulentum
992 1767 1044 1846 sit,
1059 1777 1093 1831 et
1108 1768 1168 1830 iuri
1184 1766 1382 1831 contrarium
1393 1765 1414 1830 ³.

523 1871 612 1938 Sunt
633 1872 715 1938 haec
741 1885 854 1939 tamen
881 1877 959 1939 mihi
987 1897 1052 1940 non
1078 1878 1160 1940 leuis
1186 1874 1398 1940 difficultatis·
1443 1875 1533 1938 Nam
1560 1874 1716 1956 exempla
1741 1883 1818 1938 sunt
1844 1883 1879 1938 et

480 1984 623 2048 rationes
645 2005 758 2048 eorum
781 1987 838 2068 qui
858 1989 920 2050 iter
941 1997 1111 2070 negarunt.
1139 1996 1173 2051 et
1192 1987 1347 2069 exempla
1369 1996 1403 2050 et
1425 1987 1568 2050 rationes
1590 1995 1668 2048 sunt
1686 2006 1798 2049 eorum
1822 1986 1879 2068 qui

479 2107 717 2162 concesserunt.
763 2098 841 2162 Rex
856 2098 968 2162 Dauid
980 2109 1125 2163 armatus
1140 2099 1270 2164 obsistit
1286 2099 1354 2181 regi
1369 2099 1425 2180 qui
1441 2098 1596 2179 perfines
1612 2097 1765 2161 Iudaicos
1780 2098 1879 2161 duce-

478 2204 538 2268 bat
553 2207 734 2270 exercitum
746 2217 860 2273 contra
875 2209 985 2274 alium.
1005 2219 1038 2274 et
1050 2231 1109 2273 rex
1123 2210 1227 2274 Iosias
1238 2210 1412 2275 transitum
1427 2210 1559 2290 negauit
1571 2208 1751 2291 Aegyptio,
1765 2217 1878 2272 contra

480 2315 618 2382 Medum
642 2318 869 2400 proficiscenti,
892 2330 926 2385 et
949 2321 1125 2403 pollicenti,
1149 2321 1363 2386 transiturum
1386 2341 1421 2383 se
1444 2321 1514 2382 sine
1536 2320 1698 2383 maleficio
1708 2319 1731 2382 ⁴.
1761 2327 1796 2382 et
1819 2339 1879 2382 rex

480 2429 636 2512 Sichomi,
652 2443 686 2496 et
701 2454 761 2497 rex
777 2435 1022 2499 Edomaeorum
1038 2445 1199 2519 negarunt
1217 2435 1337 2517 Moysi,
1349 2434 1516 2516 pollIcenti
1532 2434 1677 2498 eadem⁵.
1702 2442 1736 2497 et
1749 2431 1879 2514 Ephro-

479 2543 569 2607 nitae
582 2555 743 2627 negarunt
756 2546 859 2610 Iudae
873 2547 1126 2612 Macchabae0⁶.
1146 2558 1179 2612 et
1190 2547 1307 2611 Franci
1318 2555 1440 2628 negant
1451 2546 1597 2610 Narseti:
1617 2554 1718 2627 atque
1728 2564 1878 2608 caussam

478 2655 602 2730 dicunt,
620 2655 697 2720 licet
718 2657 927 2740 singularem,
946 2661 1101 2740 quoniam
1125 2660 1247 2722 Narses
1271 2657 1519 2739 Longobardos,
1539 2657 1740 2720 Francorum
1758 2656 1879 2736 hosteS,

478 2785 590 2829 secum
606 2766 745 2831 haberet
754 2767 774 2832 ⁷.
814 2769 860 2832 Et
877 2769 997 2834 Ueneti
1014 2779 1175 2852 negarunt
1191 2769 1422 2832 Maximiliano
1438 2770 1552 2849 primu,
1568 2768 1624 2849 qui
1640 2787 1714 2830 cum
1731 2765 1878 2831 exercitu

479 2881 615 2964 petebat
639 2881 777 2946 transire
802 2883 946 2946 Romam
968 2883 1011 2946 ad
1034 2883 1161 2966 imperii
1186 2903 1339 2946 coronam
1365 2881 1600 2963 accipiendam,
1624 2889 1727 2962 atque
1750 2900 1879 2944 caussa·

479 2992 601 3056 bantur
636 2991 767 3072 Ueneti,
798 3015 869 3058 rem
906 2995 996 3077 pacis
1030 3015 1095 3058 non
1133 3015 1229 3076 egere
1265 2993 1401 3058 armatis
1410 2993 1433 3053 ⁸·
1487 2993 1533 3059 Et
1573 2991 1769 3056 Euburones
1806 2991 1879 3054 aliis

478 3103 616 3167 armatis
634 3105 840 3186 denegarunt
849 3106 869 3170 ⁹.
915 3105 961 3169 Et
980 3104 1243 3187 Agrippinenses
1260 3104 1340 3168 olim
1359 3105 1534 3168 redeuntes
1554 3103 1588 3166 in
1606 3103 1785 3166 amicitiam
1803 3121 1878 3166 cum

482 3212 654 3278 Germanis
672 3215 752 3294 aliis,
770 3217 868 3281 ‘Sint
887 3217 1043 3280 transitus
1058 3217 1256 3292 incustoditi,
1273 3218 1331 3280 sed
1349 3215 1463 3290 diurni,
1483 3225 1517 3280 et
1537 3215 1677 3279 inermes
1684 3213 1725 3278 1⁰.'
1749 3214 1880 3278 Pericu-

480 3324 550 3390 losa
567 3325 649 3390 haec
667 3347 718 3391 res
736 3335 794 3404 est,
811 3338 848 3392 ut
864 3329 1030 3405 existimo,
1046 3349 1185 3411 semper,
1203 3349 1268 3391 non
1287 3328 1388 3391 modo
1406 3328 1433 3391 si
1449 3347 1583 3391 caussae
1597 3326 1777 3407 singulares
1793 3335 1878 3403 sunt,

481 3436 534 3500 uel
557 3438 583 3502 si
606 3447 683 3502 sunt
706 3438 839 3502 inimico
861 3439 982 3519 animo,
1000 3441 1056 3522 qui
1074 3440 1202 3504 transiri
1223 3440 1367 3505 habent:
1391 3449 1428 3504 ut
1446 3448 1619 3522 propterea
1637 3447 1737 3518 negat
1756 3436 1880 3502 Caesar

482 3547 645 3612 Heluetiis
669 3550 842 3613 transitum
852 3549 885 3612 ¹¹.
934 3551 1001 3616 Sed
1029 3551 1155 3614 Albani
1181 3559 1294 3615 tamen
1320 3570 1510 3614 concessere
1536 3548 1712 3630 Pompeio:
1747 3547 1879 3610 Arabes

482 3658 664 3742 Cambysi:
690 3662 834 3726 Alexius
861 3661 973 3740 Gallis,
992 3664 1072 3726 item
1101 3661 1241 3727 Cilices:
1270 3673 1303 3726 et
1329 3662 1384 3726 alii
1412 3659 1528 3725 Graeci
1555 3660 1769 3742 imperatores
1796 3657 1878 3721 Ger-

481 3769 629 3834 manisffl.
676 3771 841 3850 Ceterum,
859 3782 898 3836 ut
916 3775 1023 3838 dicam
1044 3774 1132 3852 nihil,
1151 3795 1251 3856 quam
1270 3773 1427 3837 cesserint
1444 3773 1526 3836 haec
1548 3770 1726 3846 infeliciter,
1745 3789 1877 3832 conces-

480 3879 590 3942 siones
612 3879 694 3944 istae
717 3902 849 3946 caussas
871 3883 1016 3947 habuere
1038 3885 1220 3966 singulares
1242 3905 1285 3947 ex
1308 3885 1538 3948 commuuione
1561 3882 1745 3963 religionis:
1777 3890 1811 3943 et
1834 3901 1878 3944 ex

481 3987 577 4051 hoste
593 3993 768 4070 communi,
783 4001 897 4056 contra
912 4015 1012 4075 quem
1028 3995 1144 4059 ibatur.
1181 3995 1298 4058 Timor
1314 3997 1454 4060 extorsit
1469 3995 1550 4060 aliis.
1584 3993 1729 4058 Caussae
1743 3992 1828 4056 aliae
1844 3992 1878 4055 id

482 4097 618 4162 effecere
636 4097 687 4183 (ut
704 4099 793 4186 dico)
811 4103 992 4183 singulares
1011 4104 1139 4167 illarum
1159 4125 1380 4187 personarum,
1401 4127 1468 4171 non
1484 4106 1654 4188 generales
1676 4103 1879 4187 quaestionis

677 4351 688 4382 ¹
703 4357 769 4418 Aug.
781 4355 831 4404 Nu.
843 4371 866 4419 q.
879 4371 925 4418 44;
943 4371 964 4405 c.
975 4355 1021 4407 ult.
1035 4371 1072 4419 ²3·
1084 4375 1108 4424 q.
1123 4372 1144 4407 a.
1418 4359 1428 4388 ²
1444 4360 1498 4410 Β111.
1512 4377 1534 4424 3.
1546 4377 1613 4412 cons.
1628 4375 1682 4424 ²93·

496 4435 596 4485 'Alex
611 4445 631 4499 7.
644 4451 711 4486 cons.
725 4438 894 4499 1303C0uar.
905 4437 967 4502 Reg.
980 4439 1048 4490 Pecu
1061 4457 1085 4504 p.
1099 4445 1187 4505 atq.
1236 4439 1604 4508 ⁴2.Sam.8.et2.Reg.23;
1622 4441 1862 4506 Zon.1ib.2.c.24

489 4517 617 4570 .⁵Num.
630 4517 918 4576 203Deut.2;1u.11.
984 4519 1128 4572 ⁸1.Macc.
1142 4534 1165 4584 5.
1231 4520 1364 4588 'Procop
1376 4539 1400 4588 4.
1413 4524 1525 4575 Gothc.
1544 4534 1583 4588 27.
1649 4523 1749 4574 'Guio
1764 4523 1809 4573 lib.
1825 4536 1846 4587 7.

482 4601 562 4651 'lou
574 4601 617 4652 lib.
630 4615 670 4666 41.
742 4600 835 4653 ¹⁰Tac.
848 4617 872 4666 4.
885 4602 952 4654 illst.
965 4602 1005 4668 ⁶5·
1077 4603 1184 4656 ”Caes
1198 4618 1219 4655 1.
1232 4604 1299 4655 Gall.
1314 4618 1336 4670 7.
1410 4607 1428 4636 ¹²
1445 4609 1521 4664 Zon.;
1539 4607 1618 4657 Hero.
1633 4621 1660 4669 3;
1678 4606 1749 4663 Nic.;
1769 4605 1844 4670 Greg.
1855 4623 1879 4670 4.
