4604 5562
489 605 825 618 m——fl

487 719 550 784 130
971 705 1174 760 ALBERICI
1201 704 1401 759 GENTILIS

486 952 571 1016 sorte
590 952 716 1015 externi
736 950 782 1013 illi
804 961 889 1028 sunt,
907 970 982 1014 cum
1001 949 1119 1031 quibus
1140 968 1270 1030 semper
1288 967 1358 1010 esse
1380 948 1449 1010 iura
1469 946 1557 1024 belli,
1575 945 1662 1008 dixit
1682 945 1886 1027 Pomponius

488 1064 515 1127 I.
539 1062 589 1128 C.¹
633 1063 679 1126 Et
701 1063 744 1126 de
763 1062 882 1144 quibus
905 1082 965 1124 nos
987 1061 1231 1142 disputauimus
1254 1060 1286 1122 in
1309 1060 1416 1141 primo
1438 1058 1530 1122 libro.
1577 1057 1633 1122 Sic
1655 1077 1733 1121 sane
1752 1056 1886 1122 Graecis

487 1169 660 1248 'externi’
681 1173 933 1255 appellabantur
942 1170 962 1235 2.
1020 1170 1087 1236 Sed
1111 1171 1200 1254 quod
1223 1171 1419 1253 generaliter
1441 1165 1521 1254 (non
1545 1168 1610 1232 hoc
1634 1169 1769 1251 speciali
1794 1165 1885 1252 casu)

487 1284 621 1366 quidem
644 1285 772 1363 docent,
795 1283 919 1348 bellum
941 1285 1010 1347 iure
1032 1292 1146 1346 nostro
1169 1283 1255 1347 ciuili
1278 1283 1377 1346 indici
1401 1302 1466 1345 non
1490 1290 1662 1364 oportere:
1695 1280 1728 1343 id
1752 1279 1885 1344 defendi

487 1418 552 1461 non
572 1406 682 1479 potest
701 1417 807 1478 neque
824 1396 867 1459 ab
890 1416 929 1458 ea
948 1395 1148 1472 definitione,
1164 1415 1264 1476 quam
1282 1393 1428 1457 hostium
1444 1393 1557 1456 dicunt
1575 1393 1664 1456 idem
1684 1392 1886 1474 Pomponius

488 1516 521 1571 et
538 1508 721 1590 Ulpianus:
745 1519 778 1572 et
796 1509 911 1590 inqua
929 1507 1009 1569 nihil
1025 1507 1143 1570 dicitur
1158 1508 1200 1569 de
1215 1505 1392 1570 indictione
1401 1503 1423 1569 ³.
1469 1504 1520 1567 Ea
1536 1504 1623 1566 enim
1639 1524 1704 1567 non
1720 1513 1770 1567 est
1788 1503 1887 1586 plena

487 1619 653 1683 definitio:
676 1629 711 1683 at
735 1639 836 1682 unum
859 1619 939 1682 illud
958 1618 1065 1692 docet,
1085 1618 1174 1698 quod
1196 1617 1239 1678 de
1261 1617 1393 1698 publico
1412 1635 1471 1679 nos
1488 1616 1701 1679 tractauimus
1720 1615 1752 1677 in
1771 1614 1886 1678 delini-

486 1731 576 1794 tione
598 1731 676 1794 belli
700 1730 807 1812 plena,
830 1740 863 1793 et
886 1730 928 1792 de
950 1728 1151 1811 principibus
1173 1727 1297 1791 bellum
1320 1728 1517 1809 gerentibus.
1563 1726 1726 1809 Quamuis
1744 1735 1778 1790 et
1796 1725 1886 1807 apud

487 1861 544 1905 eos
574 1841 820 1905 iurisconsultos
850 1841 985 1904 indictio
1016 1839 1099 1903 haec
1130 1848 1163 1902 et
1189 1839 1398 1902 denunciatio
1427 1838 1563 1901 omnino
1593 1836 1794 1920 significetur
1823 1836 1886 1899 illis

488 1952 604 2030 uerbiS,
627 1951 782 2015 ‘Publice
801 1951 926 2014 bellum
948 1948 1174 2015 decreuimus’
1219 1950 1351 2014 Geritur
1372 1959 1542 2032 praeterea
1564 1948 1688 2012 bellum
1706 1968 1766 2012 nec
1785 1950 1887 2013 indic-

487 2073 568 2141 tum,
591 2063 617 2125 si
639 2063 775 2127 iniuriae
797 2063 894 2126 durat
915 2063 1022 2140 factio,
1044 2073 1102 2126 aut
1125 2064 1190 2126 iam
1214 2062 1279 2126 fiat.
1326 2061 1391 2126 Hic
1414 2071 1447 2125 et
1472 2061 1619 2142 priuatus
1642 2060 1796 2124 defendet
1819 2083 1854 2124 se
1863 2059 1885 2124 ⁴.

490 2173 556 2238 Hic
580 2172 704 2251 Cicero,
728 2173 854 2239 ‘Silent
877 2175 964 2237 enim
987 2173 1077 2256 leges
1100 2175 1184 2236 inter
1205 2191 1305 2252 arma,
1329 2192 1388 2236 nec
1409 2193 1446 2236 se
1469 2173 1652 2254 exspectari
1672 2172 1794 2250 iubent,
1812 2193 1887 2236 cum

488 2287 550 2364 ‘ei,
572 2286 628 2366 qui
652 2295 845 2367 exspectare
868 2284 958 2361 uelit,
981 2296 1058 2348 ante
1081 2287 1200 2349 iniusta
1221 2305 1328 2367 poena
1350 2285 1471 2348 luenda
1493 2285 1543 2358 sit,
1566 2304 1667 2366 quam
1690 2285 1775 2347 iusta
1795 2304 1889 2366 repe-

489 2397 613 2460 ‘tenda
625 2393 657 2460 ⁵.’
703 2395 831 2461 Similia
853 2397 983 2460 disserit
1006 2397 1128 2461 Caesar
1153 2395 1399 2460 admouendum
1422 2394 1591 2458 Ariouisto
1612 2393 1736 2458 bellum
1761 2395 1888 2476 absque

488 2517 621 2570 senatus
643 2509 776 2571 decreto
799 2517 832 2571 et
854 2507 991 2590 populi;
1016 2517 1195 2588 antequam
1220 2507 1469 2588 ingrauesceret,
1490 2507 1808 2587 praeoccupandum,
1831 2506 1887 2570 ait.

488 2619 659 2701 obtingere
681 2617 777 2696 bella,
799 2619 842 2681 ad
865 2639 950 2700 quae
977 2621 1082 2700 parari
1107 2618 1258 2682 homines
1281 2619 1429 2699 possint;
1464 2628 1497 2681 et
1519 2617 1680 2700 querelae,
1703 2627 1736 2681 et
1759 2617 1887 2681 indicti·
1921 2685 1923 2690 ,

489 2749 568 2792 ones
602 2729 736 2810 praeire.
781 2729 839 2792 sed
869 2729 934 2792 alia
964 2730 1093 2807 exoriri,
1123 2750 1209 2811 quae
1241 2739 1412 2811 tamquam
1445 2729 1574 2793 iusserit
1609 2729 1792 2806 necessitas
1821 2748 1887 2792 non

489 2839 615 2922 possint
638 2840 671 2901 in
698 2840 970 2921 disceptationem
997 2839 1158 2918 adduci⁰z
1189 2851 1222 2903 et
1241 2841 1386 2914 caetera,
1410 2861 1495 2922 quae
1517 2841 1605 2921 apud
1633 2840 1776 2904 Dionem
1804 2850 1889 2902 sunt.

489 2949 546 3011 An
568 2950 595 3012 si
618 2949 761 3013 facturus
783 2950 971 3014 Ariouistus
993 2951 1117 3014 bellum
1143 2949 1275 3014 Caesari
1301 2950 1423 3028 suisset,
1442 2953 1582 3016 scribere
1607 2952 1751 3014 Romam
1774 2950 1889 3014 habuit

491 3060 620 3138 Caesar,
639 3070 672 3136 et
695 3082 733 3124 ea
756 3063 868 3124 omnia
886 3071 1080 3144 exspectare
1098 3062 1254 3140 solennia,
1272 3083 1356 3144 quae
1376 3062 1562 3146 Saguntum
1583 3060 1776 3145 perdidere?
1821 3064 1890 3126 Dat

491 3174 560 3254 ipsa
584 3172 639 3236 lex
662 3182 862 3254 potestatem
881 3172 1089 3237 defendendi.
1136 3175 1200 3239 Dic
1216 3177 1315 3239 etiam
1332 3175 1534 3256 exemplum,
1551 3176 1577 3237 si
1593 3175 1805 3256 praedatores
1819 3176 1889 3257 agri

490 3285 592 3347 nostri
616 3303 676 3346 nos
698 3283 817 3347 bellico
840 3294 954 3366 paratu
978 3285 1210 3367 persequimur.
1256 3286 1301 3350 Et
1324 3287 1506 3349 necessaria
1529 3286 1616 3350 enim
1639 3285 1721 3349 haec
1743 3286 1891 3350 defensio

490 3395 617 3458 dicetur
635 3395 770 3471 iustius;
793 3415 878 3476 quae
896 3415 956 3459 nec
974 3396 1044 3460 istis
1063 3394 1190 3480 legibus
1208 3407 1366 3476 teneatur,
1382 3398 1440 3461 sed
1459 3398 1505 3461 sic
1523 3398 1716 3479 explicetur,
1732 3407 1768 3462 ut
1782 3398 1891 3461 serunt

490 3507 687 3570 occasiones
744 3505 833 3588 Quid
857 3507 944 3570 enim
970 3508 997 3572 si
1020 3507 1138 3573 bellico
1161 3520 1320 3591 apparatu
1343 3530 1427 3591 opus
1451 3519 1501 3573 est
1523 3509 1565 3572 ad
1593 3511 1804 3592 praedatores
1830 3510 1891 3573 hos

488 3617 707 3699 repellendos,
726 3617 817 3680 illum
838 3638 901 3699 ego
919 3639 984 3683 non
1003 3620 1176 3684 adsumam
1196 3622 1277 3685 citra
1295 3621 1372 3684 belli
1392 3620 1703 3684 denunciationem?
1733 3641 1807 3684 curn
1828 3621 1890 3684 tuti

490 3730 571 3792 alias
596 3731 737 3792 redirent
759 3731 970 3811 praedatores
995 3734 1039 3795 ad
1062 3754 1149 3810 suoS,
1170 3743 1202 3795 et
1228 3733 1323 3796 bonis
1350 3732 1468 3796 nostris
1491 3733 1599 3797 onusti
1626 3733 1692 3795 iam
1714 3733 1758 3797 de
1780 3732 1891 3796 tutiori

491 3839 565 3902 loco
588 3860 648 3902 nos
671 3841 822 3904 riderent.
869 3840 1035 3904 Reuersos
1052 3864 1118 3906 non
1137 3852 1289 3924 petemus
1306 3844 1396 3908 bello
1417 3844 1477 3908 nisi
1500 3845 1631 3908 indicto.
1678 3844 1761 3907 Iuris
1779 3853 1891 3906 tamen

491 3950 685 4030 interpretes
702 3971 766 4012 non
784 3949 914 4013 finirent
930 3961 1061 4035 tempus
1076 3952 1138 4016 hoc
1155 3962 1224 4016 tam
1236 3965 1385 4036 anguste,
1397 3976 1496 4037 quam
1513 3976 1572 4018 nos
1587 3954 1732 4019 facimus.
1763 3954 1890 4019 Uerum

492 4069 526 4122 et
544 4068 657 4122 contra
676 4060 755 4122 istos
778 4061 810 4122 in
833 4063 955 4124 caussis
978 4063 1180 4144 priuatorum
1201 4063 1278 4129 lacit
1301 4067 1470 4129 nobiscum
1496 4066 1650 4145 lulianus
1668 4066 1724 4148 qui
1745 4065 1796 4127 ‘in
1818 4065 1890 4146 ipso

492 4169 707 4251 ‘congressu’
724 4171 993 4252 reciperationem
1013 4174 1193 4238 uiolentam
1212 4177 1257 4240 rei
1276 4178 1307 4239 ui
1327 4186 1440 4258 raptae
1456 4178 1621 4242 admittit:
1645 4179 1796 4258 adeoque
1814 4185 1890 4257 post

490 4301 704 4364 congressum
723 4291 823 4362 negat
832 4281 854 4345 ⁷.
900 4281 975 4364 Qua
994 4284 1037 4347 de
1055 4305 1089 4348 re
1106 4285 1201 4367 plura
1219 4288 1331 4370 scripsi
1351 4289 1383 4350 In
1402 4289 1485 4352 libro
1501 4289 1574 4352 ‘De
1590 4288 1744 4369 legitimis
1762 4297 1891 4369 tempo·

557 4512 567 4543 ¹
583 4513 600 4563 l.
615 4525 638 4575 5.
649 4511 681 4562 de
693 4518 758 4577 rapt.
772 4512 818 4576 (D.
828 4528 866 4578 49.
881 4514 933 4575 15).
1088 4515 1098 4543 ²
1116 4516 1194 4566 Hero.
1208 4516 1252 4568 lib.
1265 4518 1308 4569 ult.
1321 4535 1343 4570 c.
1356 4533 1394 4568 11.
1549 4519 1559 4549 ³
1575 4518 1637 4569 Bod.
1652 4535 1672 4569 1.
1684 4519 1715 4569 de
1727 4520 1789 4584 Rep.
1803 4533 1824 4583 7.

491 4596 579 4647 *Bell
592 4607 615 4659 5.
627 4595 690 4646 Con.
704 4610 725 4658 3.
740 4608 810 4656 c.15.
881 4595 964 4646 ³Cic.
976 4612 1022 4661 pro
1035 4597 1106 4647 Milo.
1120 4615 1142 4649 c.
1154 4617 1178 4662 4.
1244 4600 1322 4651 “Dio
1333 4601 1377 4652 lib.
1392 4602 1431 4665 38.
1499 4600 1890 4665 '1.17.deuiar.(D.43.16).
