4604 5562
503 683 563 732 122
709 674 912 728 ALBERICI
940 673 1147 744 GENTJLJS,
1170 673 1237 726 ‘DE
1265 672 1369 728 IURE
1397 671 1534 741 BELLI,
1564 672 1644 726 LIB.
1667 670 1695 723 I.

501 917 589 980 mani
612 917 761 980 abnuunt
785 917 936 981 militiam
958 917 1116 981 aduersus
1140 915 1316 983 Caesarem
1344 927 1378 982 et
1405 917 1665 999 consanguineos
1687 935 1785 979 suos:
1816 924 1902 979 cete·

500 1045 584 1104 rum,
610 1048 696 1110 quae
725 1029 791 1092 iam
822 1036 920 1112 capta
951 1038 1069 1107 essent,
1094 1049 1133 1092 ea
1162 1051 1197 1093 se
1229 1039 1394 1094 tutaturos
1427 1028 1532 1093 Gallis
1566 1037 1680 1092 contra
1715 1043 1838 1104 omnes,
1868 1033 1902 1090 et
2009 1083 2010 1087 ,

500 1137 687 1220 repulsuros
708 1140 859 1204 iniuriam
886 1139 1082 1222 pollicentur
1091 1139 1110 1205 ¹.
1169 1141 1333 1206 Henricus
1356 1141 1516 1223 septimus
1539 1139 1692 1222 Angliae,
1715 1159 1751 1202 se
1776 1137 1902 1201 auxilio

499 1250 647 1315 futurum
668 1252 835 1329 Britann0,
855 1253 999 1317 amicitia
1017 1253 1172 1317 incolumi
1192 1274 1267 1318 cum
1286 1253 1393 1332 Gallo,
1411 1253 1487 1317 huic
1505 1252 1669 1335 significat
1687 1271 1746 1335 per
1764 1250 1901 1332 legatos

501 1382 580 1426 nam
602 1361 634 1424 in
660 1363 731 1446 ipsa
749 1364 920 1428 Britannia
935 1372 1068 1428 tantum
1087 1363 1279 1428 defensurus
1301 1365 1497 1429 Britannum
1516 1363 1634 1428 esset2.
1679 1361 1902 1426 Athenienses

500 1472 617 1538 foedus
643 1495 719 1538 cum
747 1475 1003 1558 Corcyrensibus
1030 1475 1143 1539 ineunt
1169 1475 1276 1539 solum
1303 1477 1346 1540 ad
1373 1476 1628 1540 defendendum.
1663 1483 1765 1558 atque
1786 1473 1902 1537 foedus

501 1603 543 1648 ne
558 1583 746 1668 frangerent
766 1584 954 1664 Corinthiis,
970 1587 1092 1663 iubent,
1109 1605 1186 1650 suos
1204 1595 1318 1651 contra
1336 1587 1417 1651 istos
1436 1607 1502 1651 non
1520 1599 1669 1670 pugnare
1683 1585 1786 1664 aliter,
1800 1603 1901 1668 quam

500 1695 528 1758 si
551 1705 665 1761 contra
689 1696 911 1780 Corcyrenses
937 1697 1221 1779 proficiscerentur
1230 1697 1252 1762 ³.

546 1805 592 1871 Et
622 1806 704 1872 haec
737 1818 822 1886 sunt,
858 1827 943 1890 quae
975 1809 1076 1873 iustas
1108 1809 1270 1874 bellorum
1303 1828 1435 1902 caussas
1467 1809 1625 1892 praebere
1657 1816 1807 1890 possunt.
1857 1805 1903 1870 Et

500 1917 660 1982 iustorum
687 1919 831 1983 uirorum
855 1929 906 1984 est
928 1928 1050 1998 tamen,
1073 1921 1215 1986 incidere
1238 1941 1371 1986 caussas
1396 1920 1558 1985 bellorum
1584 1915 1902 2003 pullulascentiumt

502 2036 540 2092 ut
564 2029 764 2094 Iustinianus
786 2040 899 2095 noster
920 2031 1061 2096 dicebat.
1106 2031 1159 2095 Tu
1183 2041 1277 2116 pater
1300 2031 1451 2106 iustitiae,
1480 2032 1582 2108 Deus,
1607 2030 1710 2094 etiam
1732 2029 1792 2093 has
1821 2027 1903 2093 tolle

502 2159 634 2205 caussas
656 2143 758 2208 nobis
786 2142 867 2208 tolle
891 2143 1014 2208 bellum
1038 2164 1146 2210 omne.
1176 2148 1228 2224 da,
1254 2145 1406 2224 Domine,
1429 2164 1545 2228 pacem
1572 2143 1605 2207 in
1630 2143 1749 2208 diebus
1774 2141 1902 2219 nostris

503 2251 547 2315 da
570 2271 697 2335 pacem.
743 2253 813 2320 ‘At
837 2254 931 2319 nobis
953 2275 1023 2338 pax
1046 2256 1134 2320 alma
1156 2257 1231 2321 ueni
1240 2256 1271 2321 ⁵!

601 2510 609 2539 ¹
627 2511 680 2560 Iou.
692 2510 736 2560 lib.
749 2510 787 2560 16.
948 2513 958 2542 ²
975 2513 1029 2563 Pol.
1041 2515 1116 2578 Verg.
1129 2515 1173 2565 lib.
1184 2515 1228 2564 ult.
1243 2519 1278 2580 (p.
1289 2515 1358 2578 578),
1521 2515 1530 2545 ³
1547 2513 1627 2564 Thuc.
1639 2513 1681 2563 lib.
1696 2528 1716 2563 1.
1729 2529 1750 2563 c.
1764 2529 1804 2577 44.

765 2593 775 2623 ⁴
791 2594 895 2658 Procop.
910 2609 933 2642 2.
945 2595 1011 2645 Pers.
1024 2611 1045 2646 c.
1058 2612 1081 2658 4.
1289 2596 1298 2625 ⁵
1316 2597 1390 2646 Tibu.
1405 2611 1425 2647 1.
1438 2597 1508 2661 Eleg.
1523 2611 1560 2647 11.
1573 2595 1641 2658 1.67.
