4604 5562
746 673 807 726 DE
835 673 938 728 IURE
966 673 1100 743 BELLI,
1130 674 1208 730 LIB.
1234 674 1258 745 I,
1290 675 1377 731 CAP.
1399 674 1519 729 XXIII.
1770 682 1826 725 111

436 917 598 982 tenuerint
616 917 766 983 Italiam:
791 927 824 982 et
841 919 1032 983 Romanum
1048 919 1112 982 illic
1128 919 1302 1001 imperium
1318 919 1498 984 exscidisse
1513 918 1695 982 uideantur.
1737 914 1832 979 Idem

436 1029 520 1090 enim
539 1040 590 1092 est
608 1029 725 1093 fluuius
745 1031 849 1112 Niger
864 1038 897 1093 et
912 1029 1021 1112 Tigris
1036 1039 1213 1112 postquam
1233 1029 1338 1094 multa
1358 1049 1515 1112 passuum
1539 1027 1642 1091 millia
1657 1027 1753 1092 latuit
1773 1026 1834 1090 sub

434 1147 553 1202 terram
579 1140 682 1203 fluens
695 1163 702 1219 ;
736 1149 769 1204 et
796 1141 852 1223 qui
882 1160 941 1222 per
965 1140 1074 1204 lacum
1104 1141 1307 1223 perrumpit;
1338 1148 1372 1204 et
1398 1139 1454 1221 qui
1481 1139 1582 1202 etiam
1612 1139 1724 1202 subter
1753 1137 1835 1200 labit

437 1252 536 1314 maria
545 1249 567 1340 ¹,
621 1252 709 1314 Nam
728 1251 796 1316 tale
814 1251 910 1315 suerit
932 1250 1122 1315 Romanum
1146 1252 1179 1316 in
1201 1251 1299 1316 Italia
1317 1261 1351 1316 et
1375 1251 1557 1345 Occidente
1580 1249 1754 1332 imperium
1777 1268 1836 1330 per

436 1361 506 1425 illas
528 1362 740 1426 barbarorum
764 1363 995 1426 inundationes
1021 1371 1207 1427 contectum
1230 1362 1349 1446 potius,
1371 1382 1471 1445 quam
1495 1363 1691 1426 extinctum.
1737 1359 1786 1425 Ut
1808 1359 1835 1422 si

436 1473 525 1536 cuius
539 1494 619 1556 ager
633 1473 731 1536 suerit
753 1473 939 1552 inundatus,
956 1482 990 1537 et
1010 1493 1096 1555 aqua
1115 1474 1290 1551 recesserit,
1307 1473 1418 1556 palam
1438 1482 1497 1551 est,
1514 1493 1590 1537 eum
1608 1471 1746 1534 fundum
1764 1470 1835 1533 eius

437 1604 575 1663 manere,
591 1585 681 1648 cuius
702 1585 783 1647 fuit:
808 1604 913 1666 neque
936 1585 1023 1648 enim
1047 1585 1218 1648 inundatio
1241 1584 1333 1648 fundi
1356 1585 1500 1666 speciem
1523 1591 1706 1647 commutat
1717 1579 1740 1645 ².
1785 1579 1836 1644 At

438 1714 542 1776 neque
568 1703 742 1758 tenuerunt
766 1693 868 1758 Gothi
895 1695 956 1757 nisi
983 1705 1113 1792 partem
1138 1695 1264 1772 Italiae,
1286 1705 1320 1760 et
1343 1695 1434 1758 illam
1457 1695 1503 1759 eis
1526 1693 1792 1758 commendatam
1815 1712 1836 1754 a

439 1803 598 1869 Romanis
617 1804 750 1870 Graecis
771 1804 1029 1887 imperatoribus
1075 1805 1164 1868 Nam
1184 1806 1275 1870 Zeno
1297 1815 1449 1870 senatum
1468 1805 1692 1888 populumque
1712 1803 1836 1866 Roma-

438 1935 515 1978 nurn
536 1936 611 1980 cum
633 1917 705 1998 ipsa
721 1916 802 1980 urbe
824 1936 862 1980 ac
885 1925 958 1980 tota
977 1916 1073 1980 Italia
1089 1916 1306 1996 Theodoric0,
1323 1917 1508 1981 Gothorum
1532 1916 1608 1998 regi,
1624 1915 1835 1979 commenda·

437 2027 492 2105 uit,
512 2028 674 2109 adoptato
697 2027 730 2089 in
753 2027 865 2106 fillum,
887 2027 976 2092 sacto
1000 2027 1134 2106 consuli,
1153 2030 1304 2110 adeoque
1326 2029 1359 2092 in
1382 2029 1615 2112 participatum
1639 2025 1837 2108 reipublicae

440 2136 609 2202 Romanae
631 2139 767 2218 adscito,
786 2147 924 2203 externo
947 2159 1013 2202 non
1036 2139 1194 2202 derelicto
1203 2137 1226 2202 ³.
1272 2138 1384 2202 Etiam
1404 2138 1561 2202 uolebant
1585 2137 1695 2214 Gothi,
1714 2157 1749 2200 se
1771 2136 1836 2200 dici

437 2247 469 2309 in
486 2268 619 2330 corpore
636 2249 779 2312 Romani
802 2249 949 2331 imperii:
972 2258 1009 2313 ut
1023 2249 1111 2331 apud
1132 2249 1366 2314 Cassiodorum
1389 2246 1584 2314 notauerist
1630 2229 1680 2313 Ut
1698 2267 1776 2310 uero
1794 2246 1838 2310 ab

440 2358 571 2422 Herulis
593 2359 716 2442 recepit
739 2359 872 2423 Italiam
889 2359 1134 2425 Theodoricus:
1158 2361 1204 2424 ita
1221 2382 1242 2424 a
1259 2360 1378 2425 Gothis
1400 2380 1481 2424 mox
1503 2359 1682 2424 uindicauit
1705 2358 1837 2422 Iustini-

439 2489 538 2534 anus:
569 2481 603 2534 et
624 2472 780 2536 amissam
803 2472 836 2535 in
860 2481 953 2555 parte
976 2471 1037 2535 sub
1062 2471 1200 2549 Iustino,
1221 2480 1256 2535 et
1279 2470 1359 2550 aliis,
1381 2481 1642 2555 occupatamque
1662 2491 1683 2534 a
1706 2471 1839 2552 Longo·

439 2581 556 2660 bardis,
572 2603 671 2646 manu
690 2583 829 2646 asseruit
852 2583 885 2646 in
904 2584 1078 2665 pristinum
1098 2581 1245 2662 Carolus,
1262 2582 1383 2647 collato
1405 2583 1439 2645 in
1457 2604 1493 2647 se
1511 2582 1608 2646 titulo
1628 2582 1839 2672 principatus.

441 2691 651 2776 Longobardi
674 2714 735 2757 nec
757 2713 915 2775 umquam
938 2703 1139 2776 occuparunt
1165 2695 1318 2772 Romam,
1339 2704 1396 2759 aut
1418 2694 1633 2758 exarchatum
1656 2701 1839 2770 tenuerunt,

442 2804 501 2867 etsi
524 2803 589 2868 alia
612 2805 770 2888 usquein
793 2803 968 2869 Samnium
991 2805 1220 2888 subegemnt⁵.
1267 2804 1375 2888 Saepe
1397 2805 1497 2869 etiam
1520 2813 1725 2888 agnouerunt
1744 2823 1840 2886 supe·

441 2914 556 2978 riorem
580 2915 820 2997 imperatorem.
843 2936 942 2998 saepe
960 2925 994 2980 et
1012 2917 1099 2992 uicti,
1119 2926 1153 2980 et
1172 2917 1348 2998 repressis
1368 2917 1528 2980 Romanis
1552 2915 1686 2980 Graecis
1695 2916 1718 2978 ⁶.
1765 2913 1839 2978 Etsi

441 3025 538 3106 igitur
560 3026 593 3088 in
615 3025 713 3090 Italia
734 3036 792 3091 aut
814 3027 847 3090 in
870 3027 1052 3092 Occidente
1074 3048 1134 3092 nec
1153 3027 1238 3092 ullus
1261 3027 1368 3106 suerit,
1383 3027 1438 3110 qui
1460 3027 1573 3090 sedem
1595 3026 1686 3109 regni
1704 3026 1841 3090 haberet

443 3155 500 3216 per
521 3156 625 3200 annos
646 3137 788 3220 amplius
811 3146 982 3216 trecentos,
1001 3140 1035 3202 id
1056 3148 1116 3217 est,
1135 3139 1177 3201 ab
1199 3137 1390 3219 Augustulo
1413 3138 1455 3201 ad
1480 3137 1645 3215 Carolum,
1660 3146 1717 3201 aut
1740 3137 1840 3200 etiam

442 3267 461 3309 a
489 3248 587 3310 tertio
617 3247 861 3327 Ualentiniano,
884 3269 958 3313 cum
988 3268 1055 3331 quo
1084 3248 1283 3332 Hesperium
1314 3249 1360 3312 sic
1390 3249 1513 3311 dixerit
1541 3248 1632 3312 Beda
1659 3248 1841 3311 concidisse

443 3359 619 3439 regnumi:
642 3359 771 3424 luerunt
789 3369 902 3424 tamen
918 3379 1056 3441 semper,
1071 3360 1126 3442 qui
1146 3369 1296 3442 regerent
1313 3360 1445 3423 nornine
1461 3369 1493 3422 et
1509 3358 1706 3422 auctoritate
1722 3358 1839 3422 Orien-

443 3468 576 3548 talium;
612 3480 701 3535 certe
732 3471 781 3534 ius
810 3470 875 3535 illic
903 3472 1037 3553 regendi
1069 3480 1102 3534 et
1136 3471 1318 3552 imperandi
1349 3471 1563 3534 uindicarent.
1609 3467 1664 3533 Sic
1697 3467 1841 3533 Romani

444 3579 614 3660 pontifices
640 3581 848 3664 appellarunt
877 3603 953 3646 suos
981 3581 1133 3646 dominos
1164 3582 1378 3663 imperatores
1405 3579 1479 3643 illos
1502 3579 1646 3643 Graecos
1668 3599 1772 3661 usque
1798 3580 1840 3643 ad

447 3690 632 3756 carolumt
670 3692 757 3758 Sunt
772 3713 904 3777 quoque
920 3693 976 3776 qui
992 3693 1115 3770 dicunt,
1129 3700 1206 3755 ante
1222 3690 1379 3755 Carolum
1394 3691 1437 3755 ab
1453 3689 1634 3753 Anastasio
1650 3691 1700 3754 ius
1715 3689 1842 3772 imperii

446 3801 666 3868 Occidentalis
688 3804 847 3868 tributum
871 3803 1050 3882 Clodoueo,
1067 3803 1134 3885 regi
1157 3803 1237 3867 item
1260 3802 1481 3866 Francorum:
1504 3811 1539 3866 et
1556 3801 1599 3865 ab
1618 3801 1681 3867 hoc
1699 3801 1843 3865 Franco-

446 3933 515 3976 rum
534 3934 636 3997 regno
653 3913 751 3978 auelli
770 3935 836 3978 non
854 3915 1010 3997 potuisse,
1026 3914 1229 3978 contendunt
1238 3913 1259 3978 ⁹.
1305 3913 1418 3976 Etiam
1436 3912 1500 3991 alii,
1522 3912 1641 3977 Carolo
1660 3922 1694 3977 et
1712 3912 1842 3994 regibus

446 4023 643 4090 Francorum
662 4026 777 4089 datum
794 4026 906 4089 aiunt:
930 4035 964 4088 et
979 4025 1150 4107 disputant
1167 4025 1342 4088 aduersum
1359 4044 1514 4107 praesens
1530 4025 1580 4088 ius
1596 4024 1842 4107 septemuirum,

446 4291 453 4319 ¹
471 4293 532 4343 Plin.
544 4293 588 4344 lib.
602 4308 624 4344 2.
636 4309 657 4343 c.
671 4305 733 4356 103,
751 4291 812 4341 lust.
826 4306 866 4354 4²·
899 4291 909 4320 ¹
926 4292 986 4341 Inst.
997 4291 1074 4343 dere.
1085 4291 1136 4341 diu.
1148 4293 1184 4355 (s.
1196 4292 1231 4356 1).
1263 4293 1273 4322 ⁸
1290 4294 1378 4358 Pomp.
1390 4293 1461 4350 Lae.;
1480 4292 1585 4358 Egnat3
1603 4291 1699 4342 Bonfiu.
1711 4306 1732 4340 1.
1744 4292 1810 4357 Ung.
1821 4303 1843 4356 7.

495 4373 503 4402 ⁴
519 4375 613 4426 Cassio.
627 4388 648 4426 1.
661 4374 720 4423 Var.
734 4389 755 4422 r.
831 4373 842 4403 ⁶
858 4372 915 4422 Alc.
929 4383 951 4436 7.
964 4373 1034 4424 Pare.
1050 4387 1087 4438 19.
1164 4373 1174 4402 ⁸
1191 4374 1279 4439 Pomp.
1293 4374 1350 4423 Lae.
1362 4373 1421 4425 Tib.
1434 4375 1514 4425 Maur.
1522 4391 1529 4430 ;
1547 4372 1644 4422 Bonfin.
1656 4373 1721 4438 Ung.
1734 4375 1757 4423 8.
1771 4387 1792 4423 r.

593 4455 680 4507 'Bed
694 4454 876 4519 1.llist.Ang.
890 4468 929 4504 21.
1069 4453 1696 4520 ⁸Bed.1.Hist.28.29.3o.32.etlib.2.c.18.

832 4537 842 4568 ⁹
858 4538 933 4590 Cont.
945 4536 1001 4588 Ind.
1013 4536 1124 4594 Coniur„
1136 4537 1166 4588 C.
1178 4537 1211 4586 ed
1221 4537 1253 4586 le.
1264 4537 1302 4587 Iu.
1314 4552 1363 4586 ms.
1376 4537 1411 4600 (9.
1425 4538 1461 4599 8).
