4604 5562
718 735 779 788 DE
807 734 911 789 IURE
939 735 1073 802 BELLI,
1103 735 1231 806 LIB.I,
1262 735 1348 790 CAP.
1372 736 1491 791 XXIII.
1741 743 1801 810 107

411 976 545 1058 imperio
568 985 784 1039 asseruerunt.
819 985 852 1039 et
878 974 958 1038 illud
983 996 1118 1056 regnum
1143 976 1257 1038 datum
1283 977 1416 1040 Francis
1439 976 1518 1040 olim
1544 979 1587 1042 ab
1612 978 1804 1061 imperator·

409 1087 479 1150 ibus
510 1085 678 1160 Romanis,
706 1096 739 1149 et
765 1085 915 1150 auulsum
941 1107 961 1149 a
985 1107 1120 1168 corpore
1147 1087 1274 1169 imperii
1305 1108 1437 1170 prorsus
1461 1087 1559 1152 fuisse
1585 1090 1733 1154 uidetur:
1768 1099 1804 1154 ut

409 1195 603 1260 Anastasius
626 1195 836 1278 chlamydem
859 1198 1103 1278 imperatoriam
1127 1207 1161 1261 et
1183 1218 1338 1262 coronam
1358 1219 1491 1261 auream
1516 1199 1649 1264 Francis
1674 1200 1805 1282 regibus

410 1309 508 1386 dedit,
523 1317 557 1372 et
574 1307 772 1372 Iustinianus
788 1309 961 1390 imperium
975 1308 1154 1372 Galliarum
1172 1309 1297 1372 eisdem
1314 1309 1470 1392 rescripto
1489 1331 1549 1374 suo
1568 1310 1774 1374 confirmauit
1785 1309 1804 1374 ¹.

412 1419 551 1500 Hispani
574 1419 698 1494 itidem,
717 1428 748 1482 et
768 1418 872 1500 Angli
896 1428 991 1483 extra
1015 1420 1187 1502 imperium
1210 1419 1291 1484 illud
1314 1429 1410 1484 sunt:
1434 1421 1489 1502 qui
1512 1421 1625 1503 populi
1645 1421 1805 1486 Romanis

411 1529 659 1611 imperatoribus
682 1529 838 1608 derelicti,
860 1541 917 1593 aut
940 1551 1118 1615 numquam
1145 1531 1269 1595 subditi
1297 1531 1531 1610 Romanorum,
1555 1552 1655 1614 regna
1680 1532 1805 1596 isthaec

411 1650 468 1704 aut
490 1642 532 1704 de
555 1639 611 1703 illo
637 1650 814 1723 rapuerunt
837 1642 982 1722 imperi0,
1002 1651 1061 1706 aut
1083 1642 1126 1705 de
1152 1642 1202 1705 his
1226 1643 1282 1725 qui
1306 1652 1480 1723 rapuerant
1504 1643 1664 1706 Romanis
1687 1653 1804 1720 antea:

412 1761 444 1814 et
466 1751 527 1814 sibi
545 1751 610 1814 iam
632 1751 755 1814 habent
778 1771 837 1832 per
858 1751 967 1816 secula
990 1752 1103 1816 multa.
1149 1751 1302 1816 Ridicula
1324 1753 1379 1815 illa
1401 1763 1583 1816 nostrorum
1607 1761 1806 1830 commenta,

412 1863 467 1944 qui
482 1861 605 1940 uolunt,
620 1863 688 1924 iure
704 1863 868 1926 subiectos
883 1872 917 1925 et
935 1861 996 1925 hos
1012 1882 1083 1925 esse
1104 1863 1292 1945 imperatori
1312 1862 1462 1945 populos,
1476 1864 1519 1926 de
1534 1862 1622 1926 facto
1643 1884 1708 1926 non
1725 1884 1804 1928 esse.

412 1972 525 2056 Atque
551 1972 701 2036 Alciatus
731 1992 816 2037 nunc
846 1974 1045 2055 prudentius,
1070 1974 1321 2055 circumscriptis
1347 1973 1533 2037 huiusmodi
1559 1975 1806 2039 auctoritatibus

413 2092 605 2159 nostrorum,
623 2084 669 2146 ait
688 2103 784 2164 posse
804 2084 963 2161 sustineri,
981 2083 1131 2147 subditos
1154 2084 1220 2146 imo
1239 2104 1305 2147 non
1326 2104 1397 2146 esse
1416 2084 1604 2165 imperatori
1622 2084 1683 2147 hos
1701 2105 1806 2167 popu-

414 2192 491 2257 los².
536 2192 586 2256 At
607 2194 649 2257 de
672 2192 765 2257 Italis
787 2214 852 2256 non
869 2214 969 2257 unum
990 2193 1087 2257 suerit
1107 2194 1269 2257 iudicium.
1316 2193 1405 2256 Nam
1428 2203 1504 2256 sunt
1523 2195 1658 2276 quidam
1681 2195 1807 2277 imperii

415 2303 608 2381 Germanici,
626 2304 715 2385 quod
740 2305 929 2367 Romanum
951 2304 1177 2386 appellamus:
1204 2314 1239 2368 ut
1264 2304 1520 2368 Mediolanensis
1543 2305 1691 2385 ducatus,
1712 2305 1808 2368 Man·

414 2425 541 2494 tuanus,
567 2415 622 2477 alii
644 2415 799 2496 quidam3
836 2424 937 2497 atque
964 2417 1007 2480 de
1033 2416 1083 2479 his
1109 2417 1142 2480 id
1165 2418 1233 2494 erit,
1256 2417 1344 2498 quod
1367 2416 1410 2480 de
1433 2417 1504 2497 ipso
1527 2417 1588 2480 erit
1612 2416 1808 2482 Germanico

415 2526 560 2607 imperio.
606 2523 691 2588 Sunt
710 2545 815 2606 porr0,
830 2526 885 2608 qui
906 2546 966 2589 nec
988 2527 1056 2589 eius
1077 2536 1153 2590 sunt
1174 2527 1308 2608 imperii,
1324 2546 1384 2589 nec
1404 2546 1478 2589 cum
1498 2547 1537 2590 eo
1553 2527 1690 2608 imperio
1712 2528 1808 2611 quid·

415 2657 512 2718 quam
538 2635 681 2699 habent:
713 2646 750 2699 ut
778 2637 909 2701 Ueneti.
967 2637 1028 2700 Est
1055 2637 1183 2715 deinde,
1206 2638 1262 2719 qui
1287 2635 1410 2718 aliquid
1437 2635 1537 2701 habet
1563 2658 1637 2702 curn
1664 2639 1809 2722 imperio,

417 2747 586 2810 Romanus
606 2746 757 2828 pontifex
770 2768 777 2824 ;
809 2747 861 2810 cui
884 2756 961 2810 sunt
985 2747 1156 2810 leudatarii
1179 2747 1233 2824 illi,
1257 2747 1479 2824 Ferrariensis,
1503 2757 1536 2811 et
1559 2748 1753 2828 Parmensis,
1775 2759 1810 2814 et

416 2858 469 2919 alii
488 2859 596 2935 duces,
612 2868 645 2920 et
666 2859 736 2939 ipse
756 2857 994 2939 Neapolitanus
1013 2878 1081 2921 rex.
1128 2857 1174 2921 Et
1192 2858 1235 2920 de
1254 2857 1410 2939 pontifice
1428 2855 1545 2939 loquor
1563 2880 1657 2937 nunc,
1673 2869 1710 2924 ut
1725 2881 1810 2926 nunc

415 2978 490 3032 sunt
511 2990 562 3032 res
578 2969 647 3032 eius
661 2970 796 3033 accisae.
843 2969 931 3031 Nam
954 2969 1109 3050 pertinuit
1132 2970 1175 3033 ad
1199 2969 1290 3032 illum
1311 2969 1488 3050 aliquando
1508 2969 1650 3052 Liguria,
1667 2971 1809 3048 Corsica,

417 3077 656 3161 Longobardia,
673 3079 824 3156 Uenetia,
842 3079 946 3157 Istria,
963 3080 1079 3160 ecquid
1101 3099 1166 3142 non
1188 3080 1221 3141 in
1242 3078 1382 3142 ltalia³?
1428 3079 1501 3142 Imo
1517 3083 1616 3143 etiam
1632 3091 1726 3145 extra
1744 3083 1811 3146 Ita-

417 3189 492 3252 liam
508 3201 566 3254 aut
581 3189 769 3266 feudataria,
784 3198 842 3253 aut
859 3190 1030 3253 tributaria
1050 3191 1157 3252 eidem
1177 3191 1319 3253 extitere
1339 3210 1440 3270 regna
1458 3190 1643 3270 Hiberniae,
1658 3191 1812 3274 Angliae,

419 3299 557 3379 Scotiae,
583 3301 748 3378 Poloniae,
774 3302 882 3383 ipsum
911 3299 1142 3364 Germanicum
1171 3301 1351 3382 imperium,
1375 3302 1481 3383 ipsum
1512 3322 1648 3383 regnum
1679 3303 1812 3366 Franci·

418 3432 491 3475 cum
501 3411 522 3470 ⁴.
568 3413 723 3478 Ceterum
741 3413 773 3474 in
789 3411 926 3493 imperio
942 3411 1122 3474 etiamnum
1137 3412 1259 3474 habere
1274 3412 1345 3476 uult
1361 3411 1493 3493 aliquid,
1509 3412 1561 3476 uel
1580 3414 1658 3476 sede
1675 3422 1812 3476 uacante

419 3523 618 3603 imperando,
646 3521 700 3584 uel
726 3521 839 3585 uiuum
869 3523 1102 3604 imperatorem
1133 3522 1232 3584 etiam
1261 3522 1434 3585 iudicando
1446 3521 1468 3585 ὅ.
1525 3522 1564 3585 In
1593 3523 1690 3585 Italia
1716 3523 1812 3586 urbes

420 3632 576 3710 Etruriae,
599 3633 777 3708 Florentia,
805 3632 889 3696 aliae
916 3633 1089 3715 quaedam,
1111 3633 1153 3694 de
1181 3631 1325 3694 Romani
1350 3632 1477 3712 imperii
1501 3652 1636 3714 corpore
1659 3643 1813 3696 exemtae

418 3755 512 3822 sunt;
538 3765 622 3826 quae
639 3743 758 3806 abhinc
780 3743 936 3806 trecentis
958 3740 1101 3823 amplius
1121 3742 1216 3805 annis
1237 3741 1422 3804 libertatem
1446 3752 1595 3805 emerunt
1613 3743 1656 3806 ab
1674 3744 1814 3826 impera-

418 3863 488 3919 tore
511 3854 689 3921 Rodullo⁶.
721 3863 754 3917 et
777 3863 889 3918 tamen
913 3872 999 3916 nunc
1027 3873 1098 3916 esse
1117 3853 1250 3916 ducatui
1274 3853 1425 3917 Etruriae
1448 3873 1569 3935 magno
1591 3854 1715 3938 aliquid
1739 3876 1814 3919 curn

419 3967 554 4048 imperio
577 3965 692 4028 uolunt
716 3966 819 4028 nostri
839 3966 983 4046 quidam,
1007 3973 1041 4028 et
1062 3983 1140 4027 sane
1162 3964 1213 4026 ius
1236 3965 1405 4045 quoddam
1429 3963 1525 4028 leudi.
1558 3986 1619 4048 ego
1644 3987 1722 4030 uero
1748 3988 1815 4030 non

419 4077 560 4158 disputo.
591 4085 624 4139 et
648 4096 708 4140 nec
734 4076 831 4140 refert
854 4076 896 4138 ad
924 4083 1132 4156 praesentem
1156 4074 1404 4155 inspectionem.
1434 4095 1511 4138 nam
1538 4076 1609 4138 eius
1633 4086 1705 4140 tum
1732 4078 1816 4141 iudi-

421 4188 505 4250 cium
531 4189 670 4251 ducatus
693 4188 782 4250 idem
805 4195 838 4249 et
861 4186 988 4267 imperii
1011 4184 1197 4249 Germanici
1221 4186 1280 4247 erit
1290 4183 1312 4248 ⁷.
1358 4185 1411 4247 De
1433 4207 1499 4268 quo
1522 4188 1656 4268 quidem
1680 4188 1817 4269 imperio

580 4385 589 4414 ¹
606 4386 712 4448 Procop.
726 4399 748 4447 3.
761 4383 838 4434 Goth.
852 4398 897 4446 33;
916 4384 977 4432 Zon.
989 4383 1032 4432 lib.
1047 4395 1084 4446 15.
1097 4400 1118 4433 c.
1129 4399 1153 4446 4.
1253 4382 1263 4410 ²
1279 4383 1337 4433 Alc.
1348 4383 1365 4432 l.
1378 4396 1400 4445 5.
1413 4383 1444 4432 de
1456 4384 1504 4432 iust
1524 4384 1571 4447 (D.
1584 4399 1605 4434 1.
1620 4387 1653 4444 ι).

483 4467 492 4496 ¹
506 4467 602 4518 B⁰⁰fi¹¹·
616 4482 637 4515 ¹·
648 4467 714 4576 Ungi
725 4465 838 4597 gimbloct
847 4465 959 4598 5:11st
966 4464 1027 4594 cc1118
1033 4481 1053 4594 iie
1055 4471 1064 4513 ¹
1070 4480 1100 4595 ⁵9¹
1111 4546 1135 4596 le
1151 4563 1156 4576 ·
1175 4562 1189 4596 c
1209 4547 1298 4596 solitae
1318 4546 1349 4595 de
1360 4466 1403 4594 mi
1419 4465 1538 4595 ξῖἰέζὲἀε
1554 4479 1575 4528 7.
1587 4466 1619 4515 de
1630 4465 1680 4516 de&
1692 4467 1751 4530 imp·

546 4633 556 4660 ⁸
573 4633 637 4696 Egn.
650 4630 756 4689 Rodul.;
773 4583 842 4694 Sigo.
855 4629 900 4681 ult.
912 4630 942 4678 de
954 4563 999 4678 A?
1011 4629 1070 4684 Ita.;
1088 4583 1179 4690 Aln'4.
1191 4585 1260 4679 cons.
1275 4583 1313 4690 η’.
1465 4627 1475 4654 ⁷
1492 4583 1553 4676 Dic.
1566 4641 1633 4676 cons.
1648 4641 1686 4690 19.

1093 4811 1148 4860 Pa
