4456 5566
476 714 517 764 22
960 704 1161 759 ALBERICI
1188 704 1388 759 GENTILIS

474 945 591 1012 statuit
620 946 683 1026 ille,
706 946 733 1010 si
758 966 780 1008 a
805 944 932 1010 latrone
963 964 1013 1008 res
1039 944 1127 1027 apud
1158 943 1330 1008 dominum
1360 943 1566 1026 ignorantem
1593 944 1777 1027 deponitur,
1804 945 1872 1010 iure

473 1057 623 1140 gentium
639 1056 876 1139 obligationem
891 1074 956 1120 non
972 1054 1140 1120 contrahi:
1164 1057 1223 1119 sed
1238 1055 1266 1119 si
1281 1056 1370 1138 apud
1386 1054 1495 1134 alium,
1511 1055 1658 1120 contrahi
1669 1054 1689 1120 ¹.
1735 1056 1788 1120 De
1806 1077 1872 1138 qua

474 1169 638 1233 sententia
654 1167 852 1233 contrarium
868 1167 965 1231 suerit
980 1166 1213 1245 definiendum,
1228 1166 1314 1231 latro
1329 1167 1417 1230 enim
1433 1167 1478 1230 ibi
1494 1186 1560 1230 non
1576 1175 1634 1245 est,
1646 1168 1700 1232 ubi
1717 1169 1872 1233 dominus

475 1297 542 1342 non
565 1289 624 1344 est.
669 1280 715 1343 Et
739 1299 800 1344 nec
820 1277 983 1343 latronem
1006 1299 1082 1342 eum
1106 1278 1256 1342 nominat
1278 1278 1416 1343 absente
1438 1278 1574 1342 domino
1598 1279 1870 1345 Iurisconsultus:

474 1399 510 1454 at
536 1390 651 1472 inquit,
673 1393 759 1454 ‘rem
785 1389 926 1472 accipiat
952 1389 987 1469 is,
1009 1389 1066 1472 qui
1094 1389 1195 1468 dedit,
1217 1389 1247 1454 ei
1274 1388 1475 1454 restituenda
1502 1399 1588 1467 sunt,
1616 1391 1672 1474 qui
1699 1387 1871 1474 deposuit?

476 1500 609 1568 Scilicet
631 1523 697 1566 non
720 1513 771 1567 est
794 1502 885 1581 latro,
908 1501 970 1566 nisi
992 1502 1172 1566 conuictus.
1195 1501 1225 1566 ei
1245 1511 1334 1566 certe
1355 1520 1422 1566 non
1444 1511 1494 1566 est
1517 1501 1610 1581 latro,
1634 1503 1689 1586 qui
1712 1513 1871 1586 tanquam

473 1633 494 1677 a
513 1633 579 1678 non
597 1613 724 1678 latrone
738 1613 871 1678 habete
916 1615 962 1677 Et
977 1612 1040 1677 hoc
1060 1621 1120 1692 est,
1135 1614 1226 1695 quod
1242 1613 1276 1677 in
1291 1612 1450 1696 principio
1466 1613 1595 1695 scripsit
1611 1614 1871 1695 Iurisconsultus,

474 1725 544 1789 eius
559 1745 637 1788 suae
652 1725 863 1808 inspectionis
878 1723 1015 1788 alteram
1034 1723 1119 1788 hanc
1134 1733 1263 1806 partem
1278 1744 1358 1801 esse,
1375 1744 1478 1807 quum
1497 1724 1546 1788 ius
1564 1724 1720 1790 intereos
1740 1735 1870 1790 tantum

474 1837 559 1901 inter
575 1858 660 1920 quos
682 1845 733 1900 est
756 1845 971 1916 contractum,
987 1835 1078 1900 nullo
1102 1836 1306 1899 extrinsecus
1327 1844 1484 1914 assumto,
1499 1836 1723 1901 aestimamus.
1769 1837 1869 1921 Quod

473 1948 573 2031 igitur
595 1949 664 2013 iule
677 1948 828 2032 gentium
850 1949 1052 2012 restituenda
1071 1968 1121 2012 res
1136 1947 1233 2011 suerit
1248 1947 1408 2029 deposita,
1425 1947 1459 2012 id
1475 1947 1512 2011 iit
1528 1957 1564 2012 ut
1581 1968 1655 2012 cum
1671 1949 1869 2032 deponente,

474 2080 540 2124 non
557 2069 593 2124 ut
607 2079 683 2125 curn
699 2059 835 2124 latrone.
881 2060 970 2125 Nam
986 2059 1104 2124 latroni
1120 2058 1245 2124 restitui
1261 2068 1417 2142 negatur:
1442 2059 1693 2125 ‘scelestissimo
1711 2063 1870 2146 adempta

474 2168 603 2236 'suntr’
622 2181 656 2236 et
671 2170 757 2236 latro
772 2171 810 2236 iit
824 2180 995 2254 assumpta
1010 2170 1135 2235 domini
1151 2171 1286 2235 demum
1302 2190 1450 2254 persona.
1485 2169 1654 2253 Spoliatus
1669 2173 1769 2236 etiam
1785 2173 1869 2238 latro

474 2283 695 2347 restituendus
716 2291 795 2348 ante
820 2282 951 2348 omnia:
981 2283 1040 2347 sed
1063 2282 1341 2365 quandoconstat
1364 2303 1435 2346 esse
1458 2281 1631 2361 latronem,
1653 2292 1768 2348 contra
1788 2283 1870 2349 est³.

473 2393 584 2460 Affert
614 2394 826 2460 Hotomanus
855 2402 889 2458 et
919 2394 1009 2476 quod
1038 2395 1128 2476 apud
1160 2393 1336 2458 Caesarem
1367 2403 1426 2470 est,
1453 2393 1645 2458 ‘Liceretne
1674 2395 1799 2459 ciuibus
1826 2396 1869 2460 ad

475 2504 587 2570 ‘ciues
609 2504 738 2589 legatos
761 2505 892 2570 mittere
914 2506 1004 2588 quod
1028 2505 1129 2569 etiam
1152 2503 1298 2586 fugitiuis
1318 2503 1362 2568 ab
1384 2502 1470 2568 saltu
1494 2504 1672 2590 Pyrenaeo,
1696 2506 1870 2588 praedoni·
1940 2499 1943 2504 ’

474 2617 626 2701 ‘busque
644 2613 846 2682 licuisset⁴?’
892 2615 959 2682 Sed
982 2636 1090 2699 neque
1110 2616 1137 2680 is
1158 2615 1250 2680 locus
1272 2615 1448 2699 quicquam
1472 2627 1593 2681 mouet.
1639 2617 1759 2700 Neque
1781 2619 1869 2682 enim

473 2728 644 2793 contendit
663 2727 795 2804 Caesar,
812 2727 862 2792 ius
880 2729 913 2791 in
929 2727 987 2791 illo
1007 2727 1095 2792 iacto
1110 2726 1228 2792 fuisse:
1251 2728 1309 2790 sed
1331 2727 1441 2810 potius
1458 2727 1501 2792 ad
1520 2724 1675 2792 inuidiam
1696 2728 1870 2811 Pompeia-

474 2859 591 2904 norum
617 2840 663 2905 sic
688 2839 785 2919 dixit,
807 2839 921 2903 datam
944 2846 981 2920 et
1007 2838 1059 2902 his
1084 2838 1294 2902 securitatem
1321 2836 1502 2920 legationis,
1526 2837 1645 2920 quibus
1668 2837 1781 2903 danda
1803 2859 1869 2903 non

473 2951 599 3015 suerat:
622 2959 657 3016 et
676 2950 803 3015 ciuibus
820 2949 951 3014 interim
974 2968 1040 3012 non
1060 2950 1201 3014 daretur.
1246 2949 1359 3013 Etiam
1380 2949 1461 3014 illud
1480 2949 1631 3032 imperite
1649 2949 1868 3030 Hotomanus,

472 3064 523 3127 ius
539 3062 688 3146 gentium
708 3070 742 3126 et
762 3081 837 3126 cum
855 3059 1075 3125 defectoribus
1093 3080 1174 3124 esse.
1219 3058 1319 3143 Quod
1340 3079 1483 3144 namque
1506 3060 1626 3125 Paulus
1649 3061 1758 3126 dicere
1777 3062 1868 3126 uide·

473 3183 534 3252 tur,
563 3172 763 3238 ‘defectores
787 3172 901 3235 hostes
927 3189 998 3235 esse
1025 3191 1128 3253 usque
1155 3190 1205 3246 e0,
1232 3180 1269 3236 ut
1295 3170 1463 3235 ciuitatem
1490 3167 1665 3250 amittant,'
1691 3191 1759 3236 non
1788 3171 1868 3255 ipsis

473 3285 614 3350 consulit
636 3283 792 3368 profecto,
809 3292 867 3347 aut
890 3283 939 3346 ius
962 3301 1085 3345 nouum
1108 3281 1172 3346 hoc
1193 3279 1299 3346 desert
1321 3281 1481 3364 gentium.
1504 3292 1538 3347 et
1561 3302 1667 3366 neque
1690 3282 1812 3347 crimen
1834 3284 1867 3346 id

471 3396 559 3475 facit,
582 3405 640 3461 aut
661 3394 802 3479 poena⁶.
860 3393 975 3459 Unum
1002 3413 1130 3471 moneo,
1153 3414 1194 3458 ne
1220 3395 1263 3458 de
1280 3393 1352 3458 aliis
1374 3393 1595 3458 delectoribus
1616 3395 1791 3477 quisquam
1815 3414 1869 3459 me

472 3509 590 3592 capiat,
606 3528 705 3592 quam
728 3509 771 3573 de
792 3506 852 3586 his,
867 3507 923 3590 qui
946 3505 1010 3570 sub
1031 3505 1156 3570 ditione
1179 3505 1319 3570 fuerunt.
1365 3504 1432 3589 Qui
1456 3503 1543 3569 enim
1566 3505 1610 3569 ab
1632 3506 1784 3585 amicitia,
1798 3506 1868 3572 ioe-

471 3622 557 3698 dere,
573 3620 658 3683 comi
677 3619 778 3684 etiam
796 3617 955 3702 obsequio
973 3616 1171 3697 deiecerunt,
1185 3617 1219 3681 hi
1241 3618 1309 3682 iura
1327 3616 1414 3696 belli,
1431 3626 1464 3680 et
1485 3617 1550 3681 alia
1572 3617 1723 3700 gentium
1744 3628 1867 3698 tenent,

471 3739 556 3794 teste
576 3731 666 3794 omni
683 3730 827 3794 historia.
875 3729 999 3808 Piratis,
1015 3739 1048 3794 et
1065 3729 1287 3812 praedonibus
1307 3727 1396 3792 nulla
1415 3737 1550 3792 manent
1569 3729 1656 3793 iura:
1681 3729 1737 3812 qui
1757 3731 1868 3794 omnia

472 3841 543 3904 iura
558 3840 691 3904 uiolant.
737 3841 781 3904 Et
799 3841 996 3922 supradictis
1014 3839 1202 3918 rationibus,
1218 3859 1284 3903 non
1299 3840 1388 3922 quod
1405 3838 1552 3921 pluribus
1566 3838 1762 3906 Alexander
1776 3842 1868 3905 naui·

472 3951 542 4027 bus,
560 3951 666 4033 pirata
681 3949 737 4013 ille
751 3970 954 4033 myoparone
975 3970 1045 4014 uno
1057 3950 1226 4013 infestaret
1244 3951 1355 4029 maria,
1372 3949 1531 4014 refutatur
1545 3951 1700 4035 quicquid
1721 3952 1867 4028 Cicero†

473 4081 527 4125 eas
542 4061 684 4124 rationes
699 4060 783 4124 sorte
806 4080 871 4125 non
892 4060 1094 4143 cogitauerit,
1109 4061 1165 4144 qui
1181 4080 1373 4143 responsum
1388 4059 1523 4126 laudare
1538 4063 1664 4144 piratae
1680 4063 1770 4129 uisus
1785 4074 1835 4128 est
1845 4065 1867 4130 ⁸.
1942 4095 1948 4107 ·

472 4173 519 4238 Et
540 4191 601 4236 nec
624 4170 841 4254 Augustinus,
858 4171 914 4255 qui
938 4173 1096 4236 ueraciter
1117 4181 1150 4236 et
1173 4172 1342 4256 eleganter
1363 4173 1497 4252 dictum,
1516 4183 1719 4239 contestatur
1727 4175 1749 4241 ⁷.
1794 4175 1866 4241 Nisi

471 4283 586 4348 seceris
608 4293 642 4347 et
664 4281 897 4347 Alexandrum
921 4285 1030 4367 ipsum
1050 4281 1220 4362 latronem,
1242 4304 1343 4366 quem
1364 4284 1419 4348 alii
1442 4306 1574 4368 quoque
1596 4285 1642 4348 ita
1664 4285 1867 4369 appellant

571 4485 577 4515 ¹
595 4484 612 4535 l.
624 4499 663 4548 31.
675 4485 748 4551 depo.
762 4484 807 4549 (D.
821 4485 860 4536 16.
873 4486 923 4546 13).
1013 4484 1023 4513 ¹
1039 4485 1093 4534 Bal.
1107 4500 1128 4534 2.
1140 4500 1208 4535 cons.
1222 4485 1383 4549 ³⁶4·410·et
1395 4500 1417 4549 3.
1428 4501 1497 4536 cous
1509 4503 1549 4551 44.
1562 4493 1586 4536 et
1598 4465 1702 4550 4.¹cons.
1711 4488 1770 4551 480.

619 4567 898 4634 'Cephal.cous.685.
963 4567 1270 4633 *Caes.3.Ciuil.e19.
1335 4568 1378 4620 ⁶1.
1391 4585 1413 4633 5.
1425 4570 1577 4637 deceptui.
1590 4570 1635 4632 (D.
1648 4587 1671 4634 4.
1683 4573 1718 4632 5).
1869 4559 1871 4566 ’

470 4651 785 4718 ‘Ci.3deRep.(c.12).
838 4648 1107 4716 'Aug.4.deCiu.4.
1162 4649 1866 4718 'roLucl.2o;7Curt.c.8;Sen.1.deBenei.13.
