4604 5562
974 684 1177 737 ALBERICI
1205 683 1405 740 GENTILIS

488 933 560 988 tum
590 925 633 987 ab
663 925 894 1007 interpretibus
924 923 1005 989 illud
1035 947 1168 1009 quoque
1199 935 1257 1004 est,
1284 924 1464 1008 proditorie
1497 945 1573 988 eum
1604 945 1710 1008 agere,
1736 925 1793 1008 qui
1822 945 1889 988 non

489 1036 648 1098 indictum
672 1045 784 1100 mouet
805 1037 940 1100 bellum.
987 1036 1032 1100 Et
1051 1038 1096 1102 sic
1117 1037 1221 1100 notati
1245 1037 1300 1118 qui
1322 1044 1498 1100 mouerunt
1520 1057 1585 1100 non
1605 1035 1765 1101 indictum
1775 1035 1797 1099 ¹.
1843 1036 1888 1100 Et

491 1147 598 1211 Uarro
614 1147 647 1210 in
663 1157 782 1230 quarto
798 1148 840 1212 de
855 1147 966 1230 lingua
983 1147 1111 1226 Latina,
1129 1149 1215 1212 iusta
1230 1147 1276 1211 sic
1293 1147 1428 1211 desiisse
1443 1146 1530 1211 bella
1546 1147 1614 1230 geri
1629 1156 1740 1211 aetate
1755 1149 1889 1211 demum

489 1279 556 1332 sua,
582 1279 673 1322 more
702 1259 765 1323 hoc
795 1259 927 1323 sublato
953 1259 1183 1323 denunciandi.
1241 1259 1461 1322 Retinuerunt
1492 1259 1636 1322 Romani
1661 1259 1703 1322 ad
1737 1259 1890 1322 ultimum

490 1391 594 1453 usque
613 1371 676 1434 hoc
694 1371 819 1454 priscae
838 1371 982 1435 iustitiae
1003 1379 1036 1434 et
1054 1371 1193 1434 bellicae
1211 1370 1346 1434 rationis
1354 1369 1375 1434 ².
1429 1369 1650 1453 Triumphum
1670 1369 1806 1433 omnino
1825 1389 1890 1432 non

490 1482 719 1561 decernebant,
734 1483 761 1545 si
780 1482 904 1546 bellum
923 1491 980 1546 aut
1000 1483 1107 1545 minus
1125 1482 1271 1564 legitime
1291 1464 1451 1545 indictum
1470 1481 1616 1546 suisset³.
1663 1481 1765 1546 Unde
1784 1480 1891 1544 solen·

490 1594 541 1657 nis
567 1592 707 1657 lormula
733 1594 907 1667 indicendi,
932 1604 965 1658 et
988 1594 1198 1678 quaestiones
1222 1593 1305 1668 illae,
1329 1594 1356 1656 si
1379 1594 1459 1656 satis
1482 1593 1573 1672 foret,
1596 1592 1741 1656 nunciati
1767 1593 1890 1656 bellum

489 1705 532 1768 ad
556 1705 700 1787 primum
726 1705 926 1787 praesidium
953 1704 1108 1783 hostium,
1131 1725 1173 1768 an
1197 1705 1342 1768 hostium
1369 1704 1506 1786 principi
1533 1703 1679 1767 nunciari
1705 1713 1890 1785 oporteret:

492 1825 525 1879 ct
548 1824 657 1879 utrum
675 1815 786 1898 populi
802 1817 889 1880 iussu
910 1815 1033 1879 bellum
1050 1816 1254 1894 indiceretur,
1274 1836 1316 1878 an
1338 1816 1418 1879 satis
1436 1822 1522 1879 esset
1541 1814 1860 1879 senatusconsultum
1869 1813 1891 1879 ⁴.

492 1926 561 1991 Sed
584 1928 627 1990 ad
651 1948 729 1991 rem.
776 1925 932 1990 Gentium
954 1925 1017 1990 hoc
1040 1927 1090 1990 ius
1112 1928 1158 1991 ait
1176 1926 1347 1991 Alciatus:
1373 1935 1406 1990 et
1425 1924 1538 2009 procul
1557 1927 1658 1990 dubio
1677 1935 1727 1989 est
1750 1935 1787 1990 ut
1809 1926 1891 1989 indi-

492 2047 584 2102 catur
608 2037 741 2114 bellum,
770 2038 797 2102 si
824 2057 1001 2101 consensus
1028 2047 1079 2101 tot
1108 2038 1307 2120 populorum
1337 2039 1417 2120 quid
1443 2038 1523 2101 facit
1553 2038 1596 2100 ad
1624 2037 1890 2102 constituendum

492 2149 542 2212 ius
560 2150 729 2230 gentium:
762 2157 796 2213 et
818 2158 911 2213 tanta
933 2158 984 2213 tot
1007 2149 1190 2214 seculorum
1208 2149 1475 2214 doctissimorum
1498 2148 1670 2213 hominum
1694 2149 1892 2232 conspiratio

492 2259 639 2324 ueritatis
661 2281 701 2325 ac
723 2269 860 2325 naturae
878 2282 945 2323 uox
969 2260 1041 2342 ipsa
1064 2282 1136 2325 esse
1158 2259 1319 2324 uidetur⁵.
1367 2259 1463 2324 Haec
1485 2260 1549 2324 Dei
1569 2281 1646 2324 uox.
1693 2259 1787 2325 Haec
1808 2261 1891 2325 ratio

491 2370 669 2435 naturalis:
705 2381 742 2435 ut
768 2379 948 2455 antequam
970 2371 1134 2435 hostiliter
1154 2393 1243 2454 agas,
1265 2371 1429 2435 amicitiae
1455 2371 1508 2435 uel
1538 2371 1705 2435 communi
1730 2371 1786 2450 illi,
1808 2392 1893 2455 quae

491 2481 578 2546 inter
599 2481 751 2572 *homines
778 2492 837 2560 est,
857 2483 1025 2546 renuncies
1052 2484 1185 2547 omnino
1213 2484 1313 2565 prius.
1359 2483 1459 2566 Quod
1483 2483 1510 2546 si
1538 2483 1626 2546 enim
1649 2493 1708 2546 aut
1730 2503 1816 2560 usus,
1834 2493 1894 2547 aut

492 2593 622 2676 priuata
647 2595 791 2658 amlcitia
816 2594 1049 2672 intercedebat,
1074 2596 1181 2658 minus
1204 2595 1425 2659 dubitandum
1452 2604 1511 2674 est,
1533 2594 1612 2677 quin
1638 2593 1714 2658 huic
1741 2603 1892 2678 oporteat

492 2707 680 2768 renunciari.
727 2705 772 2768 Et
798 2706 831 2769 id
854 2705 1083 2788 exemplisque
1105 2706 1299 2771 adfirmatur
1323 2717 1394 2770 tum
1422 2707 1455 2769 in
1481 2707 1652 2789 proposito
1675 2716 1787 2771 nostro
1809 2708 1892 2790 pub·

492 2815 572 2894 licis
595 2825 665 2879 tum
691 2818 790 2880 etiam
815 2817 953 2899 priuatis
962 2817 983 2881 l.
1030 2818 1135 2904 Regie
1160 2818 1298 2882 Carolus
1322 2840 1382 2882 rex
1406 2818 1566 2901 Neapolis
1590 2818 1758 2883 renunciat
1780 2818 1892 2882 amici-

494 2927 574 2990 tiam
607 2927 704 2991 Petro
736 2929 803 3010 regi
834 2927 1092 2992 Tarraconensi:
1129 2930 1189 2992 etsi
1219 2930 1282 2993 iste
1313 2929 1545 2994 testificatione
1571 2930 1689 3011 insigni
1711 2925 1762 3014 (ut
1787 2929 1895 3012 inquit

495 3035 530 3102 P.
553 3037 754 3124 Aemilius⁷)
777 3040 1053 3103 necessitudinem
1077 3041 1212 3123 iuraque
1236 3041 1400 3105 amicitiae
1424 3041 1613 3105 uiolauerat.

539 3148 672 3214 Scilicet
688 3170 753 3214 non
772 3171 856 3232 opus
877 3153 1064 3214 renunciare
1082 3152 1263 3216 amicitiam
1274 3177 1282 3230 ;
1304 3152 1528 3216 renunciatam
1549 3151 1636 3215 enim
1655 3151 1767 3232 uideri,
1786 3162 1822 3216 ut
1841 3163 1891 3216 est

494 3262 583 3344 apud
603 3260 746 3337 Liuium,
765 3265 772 3292 ‘
789 3283 864 3326 cum
880 3262 1008 3345 legatis
1024 3264 1124 3328 toties
1139 3264 1365 3345 repetentibus
1384 3284 1442 3340 res,
1458 3283 1518 3326 nec
1538 3264 1644 3342 reddi,
1655 3284 1715 3327 nec
1733 3263 1891 3343 satisfieri,

495 3377 659 3455 ‘aequum
683 3371 931 3437 censuissent⁸.'
977 3374 1103 3437 Rursus
1120 3375 1228 3438 sinon
1248 3384 1298 3438 est
1320 3373 1444 3438 bellum
1467 3373 1670 3438 clandestina
1692 3375 1798 3458 magis
1813 3396 1889 3440 con·

495 3486 599 3549 tentio
618 3506 718 3568 quam
740 3485 907 3550 contentio
926 3484 1074 3570 legitima
1089 3486 1150 3550 sori
1167 3496 1225 3565 est,
1242 3495 1275 3549 et
1291 3485 1497 3561 iudiciorum,
1512 3484 1594 3549 haec
1612 3486 1755 3568 primum
1774 3487 1891 3570 petitio

496 3606 529 3660 et
542 3597 749 3662 denunciatio
762 3597 831 3661 fieri
847 3597 967 3661 debet:
990 3607 1026 3660 ut
1045 3598 1077 3661 in
1094 3597 1152 3661 lite
1167 3598 1292 3661 inerma
1305 3597 1350 3661 fit.
1382 3597 1528 3660 Petimus
1543 3597 1682 3661 ciuiliter
1693 3599 1782 3681 prius
1794 3619 1895 3681 quam

496 3708 539 3770 ad
562 3709 718 3780 iudicium
741 3729 862 3783 eamus,
879 3711 968 3791 quod
992 3719 1049 3772 aut
1073 3710 1167 3773 nobis
1190 3709 1337 3788 debetur,
1355 3718 1412 3772 aut
1436 3717 1486 3772 est
1509 3718 1656 3772 nostrum
1666 3709 1687 3774 ⁹.
1732 3709 1896 3792 Quamuis

496 3817 611 3881 fideret
642 3819 776 3882 Aeneas
808 3819 891 3898 latis,
921 3829 1033 3882 tamen
1067 3819 1281 3883 humanitatis
1318 3820 1469 3884 officium.
1500 3821 1630 3902 putauit
1659 3821 1703 3883 ad
1737 3818 1895 3884 Latinum

497 3927 623 4010 legatos
646 3931 785 4007 mittere,
804 3951 845 3992 ne
867 3931 911 3994 ob
934 3932 1121 4013 superbiam
1143 3931 1267 3995 alienos
1287 3932 1369 3995 fines
1392 3931 1546 3995 inuadere
1568 3931 1775 3996 uideretur¹⁰.
1822 3931 1897 4004 Etsi

497 4058 556 4106 nec
583 4050 777 4122 exspectato
809 4061 965 4122 responso
996 4043 1111 4107 urbem
1143 4043 1316 4126 designat:
1355 4043 1432 4126 quia
1462 4041 1603 4106 iussibus
1637 4043 1727 4106 Iouis
1759 4045 1896 4108 omnino

499 4160 567 4213 erat
597 4150 848 4214 auscultandum
879 4162 912 4216 et
941 4152 1017 4216 satis
1047 4147 1227 4217 fidendum.
1282 4154 1327 4216 Et
1354 4155 1384 4216 si
1414 4154 1503 4217 bono
1538 4155 1607 4217 uiro
1642 4175 1707 4218 non
1741 4155 1896 4220 conuenit

563 4343 571 4372 ¹
589 4343 662 4392 Paus.
674 4359 703 4405 4:
722 4344 776 4392 Nic.
790 4343 854 4393 Call.
866 4343 909 4394 lib.
925 4359 945 4406 7.
958 4359 978 4392 c.
994 4343 1031 4392 16.
1139 4343 1149 4372 ¹
1165 4345 1253 4408 Polyb.
1265 4345 1309 4395 lib.
1323 4359 1361 4409 13.
1373 4363 1394 4398 c.
1409 4362 1431 4410 3.
1530 4349 1540 4378 ³
1556 4348 1624 4412 Sigo.
1636 4348 1667 4398 de
1679 4351 1728 4399 An.
1740 4349 1778 4399 Iu.
1790 4349 1830 4398 Pr.

513 4426 593 4476 ‘Liu
608 4441 629 4476 1.
642 4444 664 4491 4.
678 4427 768 4490 31·56·
835 4426 916 4476 “Alc
931 4441 968 4490 14.
981 4428 1011 4475 de
1023 4427 1056 4476 Si.
1069 4427 1125 4477 Cer.
1197 4427 1388 4493 ‘Liu.36.4a;
1407 4429 1887 4496 Val.4;Tac.Ann.6;Suet.Calig.

571 4507 625 4560 ¹1³.
639 4510 711 4559 Aem.
723 4510 767 4561 lib.
782 4521 803 4572 7.
893 4511 1152 4574 ⁸I.iu.lib.36.c.3.
1244 4511 1324 4562 ”Bal
1336 4512 1353 4562 l.
1368 4526 1405 4563 ta.
1418 4513 1450 4562 de
1462 4514 1534 4564 serui.
1546 4514 1600 4564 urb.
1612 4513 1689 4578 praed
1702 4515 1747 4578 (D.
1760 4515 1783 4564 8.
1798 4515 1832 4576 a).

1055 4594 1074 4623 ¹⁰
1090 4594 1184 4644 Donat.
1197 4594 1298 4644 Aeneid.
