4456 5566
468 735 525 796 xiv
970 733 1375 798 PRAEFATIO.

468 978 655 1060 ‘deinceps
679 980 819 1063 quilibet
841 980 874 1045 in
893 981 1087 1064 quaestione
1113 1001 1179 1044 una
1209 979 1400 1062 disputabit.
1445 979 1660 1063 Respondere
1684 1001 1761 1044 vero
1791 999 1868 1044 con·

467 1084 597 1147 ‘suevit
619 1077 675 1165 qu'i
699 1087 731 1147 in
750 1085 919 1167 Vesperiis
942 1084 1164 1148 Moderatoris
1187 1083 1297 1148 locum
1319 1083 1425 1147 tenuit
1437 1109 1445 1162 ;
1477 1105 1560 1148 unus
1579 1085 1734 1148 nimirum
1757 1085 1869 1166 incep-

467 1190 601 1249 ‘torum
624 1187 710 1251 illius
730 1189 817 1267 anni,
836 1198 902 1262 aut,
920 1189 998 1272 ipsis
1021 1181 1469 1270 procurantibusstudiosus
1491 1188 1608 1268 aliquis
1631 1189 1665 1250 in
1688 1187 1757 1252 iure
1775 1186 1869 1264 civili,

467 1290 547 1371 ‘qui
572 1299 704 1374 tempus
727 1292 771 1355 ad
795 1293 935 1375 gradum
971 1290 1243 1356 Baccalaureatus
1274 1291 1466 1372 requisitum
1490 1289 1715 1374 compleverit,
1742 1311 1762 1354 a
1791 1310 1869 1353 con-

467 1395 684 1474 ‘gregatione
701 1395 903 1477 Regentium
920 1395 1123 1477 approbatus
1132 1393 1162 1458 ¹.’

521 1585 683 1663 Peractis
714 1592 909 1678 exercitiis,
938 1607 976 1665 et
1010 1591 1240 1665 Doctoribus
1270 1591 1306 1662 in
1338 1615 1487 1686 quaque
1518 1589 1694 1664 facultate
1724 1590 1868 1676 creatiS,

466 1723 661 1796 consueuit
683 1723 1033 1807 Uice-cancellarius
1050 1725 1199 1798 comitia
1218 1723 1373 1798 sollenni
1392 1724 1562 1799 oratione
1580 1723 1809 1798 concludere.

519 1945 580 2018 Ex
598 1948 811 2023 huiusmodi
831 1950 1146 2047 disputationibus
1173 1949 1356 2047 originem
1375 1959 1480 2021 su‘am
1499 1949 1651 2021 duxisse
1670 1964 1875 2042 tractatum¹

468 2097 634 2155 nostrum
666 2110 733 2179 pro
770 2101 872 2158 certo
906 2084 1039 2158 habeo.
1096 2082 1220 2156 Causa
1256 2081 1367 2156 huius
1402 2083 1587 2178 opinionis
1622 2099 1681 2155 est
1711 2080 1869 2179 epistola

467 2218 677 2310 nuperrime
709 2219 745 2290 in
775 2219 935 2292 archiuis
964 2218 1118 2315 priuatis
1151 2233 1298 2314 reperta
1334 2233 1372 2290 et
1407 2217 1523 2311 ipsius
1555 2213 1720 2289 Alberici
1756 2241 1867 2288 manu

466 2351 683 2448 conscripta,
712 2353 748 2425 in
775 2353 872 2426 hunc
899 2369 1068 2426 tenorem
1084 2380 1144 2425 :—

512 2523 734 2592 Commodum
751 2527 810 2615 (mi
831 2525 1007 2612 Benette²l
1022 2529 1135 2611 accepi
1151 2527 1278 2592 litteras
1294 2536 1387 2590 tuas:
1412 2545 1489 2588 nam
1508 2523 1654 2589 Alberici
1670 2524 1810 2588 oblitum
1826 2534 1868 2600 te,

467 2631 640 2708 notarium,
663 2631 903 2709 cancellarium,
927 2631 1198 2715 patremfamilias
1221 2630 1268 2710 (et
1290 2629 1369 2712 quid
1389 2649 1455 2692 non
1469 2627 1494 2714 Β)
1528 2629 1684 2711 suspicari
1706 2630 1867 2711 cogebar:

466 2731 579 2815 itaque
600 2733 695 2798 binas
717 2736 760 2799 ad
779 2745 814 2798 te
840 2736 958 2798 eodem
983 2735 1099 2816 opinor
1120 2743 1271 2816 tempore
1289 2731 1376 2810 dedi,
1396 2732 1516 2815 quibus
1536 2731 1719 2796 refricarem
1743 2752 1869 2795 memo-

466 2835 548 2898 riam
571 2838 641 2900 eius
663 2838 805 2902 hominis
835 2841 891 2920 qui
914 2839 1003 2902 visus
1025 2837 1206 2918 aliquando
1229 2846 1280 2901 est
1302 2837 1402 2902 fuisse
1424 2835 1484 2900 tibi
1506 2845 1622 2899 mutuo
1645 2855 1747 2899 carus.
1794 2835 1866 2898 Iam

465 2939 571 3013 video,
600 2961 665 3004 non
689 2962 773 3024 opus
800 2934 1027 3005 admonitione
1052 2940 1161 3017 fuisse,
1187 2949 1287 3023 teque
1310 2941 1482 3003 absentem
1509 2949 1543 3002 et
1571 2939 1742 3020 multiplici
1767 2959 1868 3022 nego-

466 3041 586 3106 tiorum
617 3064 736 3127 genere
766 3043 932 3122 obrutum,
964 3053 1052 3107 certe
1082 3044 1264 3108 distentum
1296 3053 1328 3106 et
1362 3043 1569 3125 impeditum,
1597 3063 1724 3106 servare
1753 3051 1867 3105 tamen

465 3145 731 3210 benevolentiam
755 3167 832 3229 erga
856 3167 918 3225 me,
943 3156 976 3210 et
999 3147 1139 3210 retinere
1170 3147 1364 3210 memoriam
1387 3146 1543 3229 pristinae
1566 3143 1811 3209 consuetudinis
1834 3155 1867 3209 et

466 3247 707 3314 familiaritatis.
756 3251 832 3314 Hoc
854 3271 925 3333 age,
944 3251 1033 3333 quod
1049 3250 1128 3332 agis,
1147 3269 1224 3313 nam
1247 3249 1275 3312 si
1299 3249 1378 3312 mihi
1395 3248 1588 3332 impetrabis
1606 3249 1695 3332 quod
1715 3249 1866 3330 petimus,

465 3351 566 3435 idque
592 3363 727 3431 certum,
758 3354 857 3436 idque
885 3353 974 3429 mihi,
1002 3373 1069 3417 non
1099 3355 1240 3437 posteris
1270 3354 1361 3426 meis,
1391 3353 1618 3432 obventurum,
1646 3353 1735 3416 dices
1759 3353 1866 3416 amico

464 3457 652 3539 gratissimo
682 3469 715 3522 te
742 3459 960 3541 prospexisse,
985 3467 1019 3522 et
1045 3478 1174 3522 curasse
1192 3458 1287 3522 bene.
1333 3457 1432 3521 Nunc
1459 3458 1606 3538 (quando
1636 3465 1670 3520 et
1695 3457 1759 3519 hoc
1785 3457 1868 3518 scire

466 3557 571 3648 cupis)
595 3581 749 3644 paramus
780 3583 839 3627 nos
869 3563 912 3626 ad
938 3561 1091 3637 Comitia,
1116 3563 1148 3625 in
1172 3561 1291 3644 quibus
1314 3561 1457 3625 creditur
1483 3561 1606 3624 scilicet
1633 3581 1699 3623 non
1725 3567 1867 3623 staturos

463 3756 578 3768 nnn-.—

464 3889 685 3976 Floydi[uncn]
694 3904 720 3954 et
729 3895 997 3953 laudcsAcudemtbe
1009 3893 1103 3953 Oxon.
1115 3897 1144 3952 in
1159 3897 1275 3953 conulei's
1284 3891 1402 3952 Elzonr's
1416 3890 1538 3952 iliardae
1549 3887 1678 3975 [uuc111].
1701 3893 1865 3963 Hanouiae,

464 4003 564 4051 uncrv.
607 3989 791 4069 Opusculum
806 3991 862 4052 hoc
877 4009 948 4049 mox
963 3991 993 4048 in
1008 3991 1102 4049 lucem
1118 3991 1214 4050 denuo
1229 3991 1408 4067 proditurum
1424 4009 1518 4068 spere,
1533 3991 1690 4051 adcurante
1707 3991 1821 4067 collega
1838 4001 1867 4049 et

465 4090 562 4148 amico
576 4107 643 4147 meo
659 4090 828 4149 doctissimo
844 4088 959 4149 Comite
972 4087 1110 4164 Ciprianl,
1126 4091 1155 4148 in
1167 4089 1328 4148 Academia
1343 4089 1482 4148 Perusina
1497 4088 1664 4148 Professore
1680 4098 1709 4148 et
1724 4088 1866 4149 facultatis

465 4186 712 4264 Iurisprudentiae
729 4188 873 4247 Praeside.

506 4285 515 4317 ¹
538 4285 607 4344 Stat.
623 4283 680 4344 Tit.
697 4287 742 4358 vii,
758 4295 828 4346 sect.
844 4288 862 4356 i,
876 4285 906 4361 §5
920 4299 965 4358 15,
980 4289 1025 4345 16.

505 4383 686 4444 ²lohannes
706 4383 819 4456 Benett,
840 4403 876 4442 ex
895 4384 980 4443 Aede
1004 4383 1118 4456 Christi,
1140 4386 1263 4460 gradum
1288 4386 1413 4462 suscepit
1438 4385 1461 4444 l.
1484 4383 1518 4446 C.
1540 4385 1577 4443 D.
1602 4403 1679 4444 anno
1704 4403 1864 4443 nntxxxrx.

463 4481 534 4541 Erat
558 4481 780 4560 Archiepiscopi
807 4483 1004 4542 Eboracensis
1029 4483 1163 4542 Uicarius
1191 4485 1344 4561 generalis,
1368 4484 1501 4562 Reginae
1526 4488 1632 4544 Annae
1659 4481 1865 4554 Cancellarius,

463 4593 567 4660 postea
581 4600 671 4659 eques
686 4593 714 4640 et
729 4581 834 4642 Curiae
850 4582 1074 4659 Praerogatiuae
1089 4581 1296 4642 Cantuarensis
1311 4583 1413 4642 Iudex.
1456 4581 1537 4644 Obiit
1552 4601 1702 4642 uncxxvu.

1287 4775 1863 4787 ——-.........——-.
