4604 5562
467 599 716 610 —n——-——

471 713 532 772 104
956 701 1157 756 ALBERICI
1185 700 1385 756 GENTILIS

467 942 626 1025 temporis
649 943 740 1006 cuius
763 962 827 1006 non
851 943 892 1006 sit
917 942 1075 1006 memoria
1097 942 1267 1020 contraria,
1286 962 1325 1004 ea
1344 940 1448 1006 ethic
1467 939 1577 1005 ualeat
1596 960 1736 1023 semper.
1780 939 1867 1004 Ara·

465 1062 520 1116 tus
550 1052 604 1115 ille
631 1052 807 1135 Sicyonius
832 1062 890 1116 aut
921 1053 1159 1136 quinquaginta
1185 1073 1346 1116 annorum
1373 1054 1606 1134 possessiones,
1629 1073 1713 1134 quae
1743 1060 1777 1115 et
1806 1052 1867 1116 sub

466 1164 641 1246 tyrannide
660 1164 753 1228 iustis
771 1164 903 1228 ablatae
921 1164 1074 1242 dominis,
1092 1184 1225 1228 mouere
1244 1183 1309 1226 non
1326 1164 1423 1232 nimis
1437 1183 1581 1245 aequum
1600 1163 1740 1245 putabat
1751 1161 1771 1228 ¹.
1816 1161 1868 1226 At

465 1276 612 1358 sequitur
638 1274 813 1339 difficultas
836 1283 958 1338 tamen.
1015 1276 1113 1352 Nam,
1135 1276 1162 1338 si
1190 1294 1255 1338 non
1281 1273 1405 1340 ualenti
1433 1295 1530 1356 agere
1558 1293 1624 1338 non
1651 1274 1750 1339 currit
1772 1293 1866 1356 prae·

465 1388 608 1469 scripti0‚
628 1387 730 1450 uideri
754 1395 872 1470 potest,
892 1407 951 1450 nec
974 1387 1188 1469 praescriptio
1210 1387 1262 1450 hic
1287 1407 1422 1465 currere,
1441 1387 1496 1450 ubi
1515 1387 1676 1469 princeps,
1694 1387 1750 1468 qui
1768 1405 1867 1468 agere

465 1507 500 1562 et
522 1517 655 1562 mouere
683 1497 807 1562 bellum
833 1497 942 1576 habet,
965 1497 1060 1562 facile
1085 1497 1189 1579 possit
1215 1498 1331 1576 dicere,
1356 1518 1462 1580 neque
1486 1519 1521 1561 se
1546 1517 1652 1579 neque
1675 1498 1867 1579 praedeces·

466 1630 555 1674 sores
571 1630 648 1673 suos
663 1610 809 1692 potuisse
825 1629 958 1673 mouere
974 1609 1109 1674 bellum.
1155 1608 1200 1673 Et
1221 1610 1403 1673 notandum
1419 1617 1478 1686 est,
1493 1609 1582 1690 quod
1602 1607 1715 1690 regula
1735 1606 1817 1672 haec
1834 1615 1867 1672 et

466 1731 516 1786 est
544 1722 708 1798 naturalis,
734 1730 769 1786 et
794 1721 924 1786 obtinet
950 1722 1051 1785 etiam
1078 1721 1236 1784 aduersus
1263 1721 1555 1803 praescriptionem
1583 1720 1680 1784 istam
1709 1720 1868 1801 temporis

466 1832 735 1898 immemorabilis
744 1831 767 1896 ².
813 1833 931 1898 Dicere
960 1843 1072 1898 autern
1101 1832 1180 1896 illud
1207 1832 1358 1916 princeps
1384 1833 1525 1915 poterit:
1563 1832 1641 1916 quia
1667 1851 1742 1910 non,
1766 1840 1802 1896 ut
1834 1831 1866 1896 in

467 1944 622 2026 legitimis
640 1944 934 2027 disceptationibus
952 1943 1012 2008 fori
1032 1943 1158 2023 definis
1174 1943 1273 2008 fuisse
1289 1943 1481 2008 facultatem
1500 1943 1620 2026 agendi
1636 1943 1665 2008 ei
1681 1942 1736 2026 qui
1752 1942 1866 2006 iudicis

468 2058 598 2138 copiam
620 2055 745 2134 habuit,
764 2065 797 2120 et
820 2057 864 2119 rei
888 2057 1105 2120 conueniendi
1128 2065 1338 2139 potestatem,
1357 2065 1390 2120 et
1413 2056 1483 2138 ipse
1505 2055 1683 2138 impeditus
1708 2075 1773 2118 non
1797 2053 1866 2132 fuit,

467 2169 514 2232 ita
529 2169 562 2230 in
578 2167 799 2231 controuersia
814 2167 919 2231 isthac
934 2187 1098 2231 armorum
1115 2168 1309 2249 expedieris.
1350 2166 1411 2232 Uis
1428 2169 1516 2230 enim
1532 2185 1708 2240 armorum,
1725 2174 1759 2229 et
1775 2163 1866 2228 Mars

468 2280 568 2343 iudex
592 2279 688 2342 fuerit
710 2278 783 2343 hic:
818 2299 916 2360 quern
940 2279 1002 2342 sibi
1025 2280 1171 2361 iniquum
1194 2280 1325 2357 dixerit,
1348 2287 1383 2342 et
1404 2279 1609 2360 persuaserit,
1633 2276 1689 2358 qui
1711 2275 1866 2340 aduersa-

468 2392 551 2454 rium
572 2391 791 2473 potentiorem
814 2390 892 2455 olim
915 2393 1089 2456 conuenire
1111 2390 1276 2456 uoluisset.
1322 2388 1378 2454 Sic
1405 2411 1512 2471 neque
1534 2388 1751 2454 conueniendi
1774 2407 1865 2452 reum

466 2500 658 2566 facultatem
689 2502 850 2566 tenuerit:
882 2510 916 2565 et
945 2502 1015 2583 ipse
1045 2501 1139 2565 fuerit
1170 2501 1357 2584 impeditus.
1413 2501 1547 2565 Dormit
1576 2508 1710 2582 propter
1740 2509 1865 2562 metum

467 2613 678 2695 praescriptio
702 2623 853 2695 tempore
874 2613 1057 2694 tyrannidis
1067 2611 1088 2677 ³.
1135 2613 1180 2677 Et
1203 2614 1232 2676 ei
1260 2613 1315 2694 qui
1342 2632 1440 2694 agere
1462 2633 1527 2678 non
1551 2621 1661 2695 potest
1684 2612 1866 2688 commode,

468 2724 662 2788 succurritur
682 2724 839 2786 aduersus
859 2725 1150 2806 praescriptionem
1160 2721 1183 2786 ⁴.
1230 2723 1315 2788 Cum
1336 2724 1369 2788 id
1388 2744 1492 2806 genus
1507 2722 1588 2788 aliis.
1635 2723 1681 2787 Et
1696 2723 1795 2806 igitur
1810 2722 1866 2804 qui

467 2836 574 2900 aliena
596 2838 702 2900 tenuit
725 2836 790 2914 diu,
813 2856 879 2899 non
905 2836 967 2899 sibi
990 2835 1121 2918 placeat
1148 2845 1330 2918 propterea,
1353 2836 1411 2899 sed
1435 2835 1584 2900 fortunae
1607 2835 1757 2917 imputet,
1782 2854 1867 2916 quae

469 2947 623 3012 dominos
652 2947 811 3028 impediit,
843 2947 949 3028 inquit
975 2945 1218 3010 Demosthenes
1228 2947 1250 3012 ὅ.
1308 2947 1364 3012 Sic
1386 2967 1465 3012 sane
1492 2946 1662 3025 credimus,
1685 2965 1792 3028 neque
1814 2943 1867 3010 hic

468 3078 596 3124 currere
611 3058 900 3140 praescriptionem
916 3058 1077 3140 impedito
1092 3077 1199 3138 agere.
1245 3056 1313 3122 Sed
1335 3059 1362 3123 si
1383 3078 1449 3121 non
1470 3057 1629 3122 subfuerit
1650 3057 1866 3139 impedimen-

468 3177 550 3246 tum,
565 3177 637 3231 tum
656 3169 864 3232 admittimus
878 3169 1179 3251 praescriptionem.
1225 3168 1326 3233 Posse
1341 3178 1453 3234 autem
1470 3189 1536 3235 non
1552 3168 1713 3234 subfuisse
1729 3166 1867 3250 impedi·

469 3289 631 3356 mentum,
650 3300 707 3344 cur
729 3278 908 3362 negemus?
955 3279 1000 3344 Et
1026 3301 1112 3362 quae
1138 3281 1170 3343 in
1195 3281 1331 3363 priuatis
1358 3281 1454 3345 rebus
1476 3301 1577 3363 saepe
1600 3281 1743 3344 cernitur
1765 3277 1885 3370 negli-¹

468 3392 581 3474 gentia
597 3399 630 3454 et
646 3391 785 3474 ignauia,
801 3392 918 3455 eadem
934 3399 967 3455 et
984 3392 1016 3454 in
1031 3391 1170 3474 publicis
1186 3412 1251 3455 non
1267 3392 1355 3456 cerni
1372 3389 1494 3474 possit?
1519 3391 1630 3475 Quam
1644 3391 1698 3456 hic
1713 3399 1867 3473 optamus

469 3503 588 3586 agendi
604 3501 895 3566 commoditatem?
921 3500 1057 3566 Certum
1073 3504 1119 3568 sic
1131 3503 1275 3567 Martem
1291 3505 1443 3583 amicum,
1455 3513 1490 3568 ut
1506 3503 1657 3568 dubitare
1673 3503 1716 3566 de
1731 3501 1867 3566 uictoria

469 3634 535 3676 non
547 3613 750 3678 habeamus?
787 3613 838 3678 At
851 3633 1031 3697 numquam
1047 3614 1093 3679 sic
1105 3623 1155 3678 est
1172 3635 1268 3678 mars.
1293 3623 1326 3678 et
1342 3635 1449 3698 neque
1465 3616 1496 3678 in
1513 3613 1570 3678 lite
1586 3614 1672 3678 ciuili
1689 3613 1722 3677 id
1739 3612 1867 3676 deside-

469 3745 588 3788 ramus
626 3724 819 3789 ‘Audentes
834 3725 965 3789 fortuna
981 3722 1091 3789 iuuat.'
1128 3725 1335 3791 Audendum
1351 3727 1404 3792 hic
1420 3737 1479 3792 est.
1526 3727 1578 3791 lta
1593 3725 1798 3790 Alexander.
1821 3725 1867 3788 ita

469 3833 599 3913 Caesar,
615 3837 661 3899 ita
676 3835 739 3914 alii,
756 3837 810 3917 qui
826 3837 980 3900 audendo
996 3835 1084 3900 clari.
1130 3836 1270 3920 Semper
1287 3847 1344 3902 aut
1363 3838 1600 3920 significatione
1619 3837 1800 3902 uoluntatis
1818 3837 1867 3900 ius

469 3948 607 4010 retinere
629 3967 733 4024 suum,
751 3957 891 4030 oportet.
938 3948 987 4012 Ut
1004 3949 1049 4011 sic
1069 3969 1161 4031 reges
1179 3947 1324 4032 Angliae
1342 3949 1457 4013 uolunt
1480 3951 1529 4014 ius
1550 3950 1688 4014 retinere
1710 3950 1743 4012 in
1766 3967 1867 4030 regno

469 4057 633 4134 Franciae‚
646 4067 679 4120 et
693 4058 748 4120 alii
765 4079 857 4140 reges
872 4059 905 4121 in
920 4058 992 4122 aliis
1008 4061 1123 4142 regnis,
1135 4081 1220 4141 quae
1235 4060 1295 4124 sibi
1311 4071 1472 4143 occupata
1487 4071 1614 4145 putant,
1628 4062 1708 4126 dum
1725 4079 1817 4142 reges
1832 4079 1867 4122 se

468 4168 590 4245 dicunt,
599 4178 633 4232 et
645 4168 785 4251 insignia
796 4169 924 4233 illorum
935 4191 1109 4252 regnorum
1119 4191 1178 4235 sua
1188 4171 1321 4236 faciunt.
1338 4182 1371 4236 et
1381 4173 1511 4238 ciuilem
1521 4174 1614 4255 quasi
1624 4171 1867 4256 possessionem

467 4280 652 4358 adseruam,
669 4280 806 4344 naturali
826 4280 938 4360 altera,
954 4283 1023 4345 siue
1041 4283 1201 4366 corporali
1219 4285 1349 4348 amissa.
1396 4285 1515 4368 Neque
1531 4286 1619 4348 enim
1635 4305 1674 4348 ea
1690 4282 1867 4346 intitulatio

467 4430 635 4441 ——

468 4527 476 4556 1
493 4512 546 4563 Cic.
562 4526 583 4563 2.
595 4512 626 4562 de
638 4512 684 4563 Off.
700 4527 737 4576 ²3·
809 4513 819 4541 ²
836 4514 890 4565 Bal.
903 4515 981 4565 Auth.
993 4516 1047 4577 nisi,
1061 4517 1090 4568 C.
1103 4517 1134 4566 de
1145 4518 1188 4567 bo.
1199 4533 1248 4568 ma.
1262 4517 1296 4581 (6.
1309 4517 1369 4581 60);
1387 4517 1466 4583 Ceph.
1479 4533 1548 4568 cons.
1560 4516 1623 4583 697;
1642 4517 1720 4569 Gabr.
1732 4533 1800 4568 cous.
1817 4515 1869 4580 163.

566 4596 648 4648 ’Ale
663 4611 683 4648 1.
696 4612 762 4648 cons.
775 4595 799 4647 8.
931 4598 1011 4648 ‘Bal
1024 4600 1040 4649 l.
1055 4600 1235 4650 1.deann.ex.
1248 4604 1277 4664 (e.
1292 4611 1314 4664 7.
1326 4602 1380 4665 40)·
1449 4599 1705 4652 ¹’DeruoadMacu
