4604 5562
756 733 815 785 DE
844 731 947 785 IURE
978 731 1112 802 BELLI,
1142 732 1269 802 LIB.I,
1301 732 1389 788 CAP.
1412 733 1498 789 XXI.
1781 741 1822 810 97
1863 754 1866 762 ·

427 966 742 1049 foederatorumque
760 967 866 1032 facere
881 976 1012 1032 tentant
1031 968 1094 1046 alii,
1114 977 1150 1030 ut
1169 969 1212 1030 ad
1234 967 1403 1050 Hispanos
1422 967 1571 1032 deserant
1593 980 1824 1048 commeatum,

428 1087 460 1142 et
481 1081 570 1161 quod
594 1081 628 1143 in
650 1079 738 1143 bello
761 1081 832 1143 usui
857 1101 928 1144 esse
950 1080 1049 1144 solet:
1075 1081 1175 1143 etiarn
1197 1079 1304 1144 facere
1327 1091 1468 1163 pergunt
1492 1081 1596 1162 rogati
1621 1102 1662 1143 ne
1682 1080 1822 1146 faciant:

427 1191 525 1255 etiam
544 1201 671 1275 petunt,
687 1212 813 1256 nerem
829 1193 926 1256 istam
945 1201 1118 1275 rogentur:
1141 1213 1227 1275 quae
1249 1204 1362 1256 contra
1379 1195 1427 1256 ius
1442 1195 1599 1275 gentium,
1616 1203 1649 1256 et
1664 1214 1824 1257 commer-

427 1303 549 1368 ciorum
573 1303 758 1368 libertatem
782 1315 840 1368 est.
886 1305 1011 1387 Magna
1034 1305 1203 1386 quaestio:
1238 1304 1313 1368 hinc
1337 1305 1405 1368 iure
1427 1306 1540 1369 stricto
1566 1325 1625 1387 pro
1651 1305 1711 1384 his,
1736 1305 1824 1370 illinc

426 1424 533 1479 stante
554 1437 616 1499 pro
638 1416 759 1500 Anglis
781 1418 958 1500 aequitate.
1006 1417 1073 1482 Sed
1096 1419 1170 1499 quis
1195 1427 1307 1480 tamen
1334 1417 1446 1495 nescit,
1470 1418 1523 1479 ‘in
1550 1418 1702 1481 omnibus
1729 1418 1825 1481 rebus

427 1528 657 1611 ‘praecipuam
689 1531 766 1592 esse'
794 1529 938 1593 iustitiae
974 1530 1224 1611 aequitatisque,
1251 1549 1351 1611 quam
1382 1529 1484 1592 stricti
1516 1530 1592 1592 iuris
1623 1527 1825 1593 rationem?’

427 1640 533 1722 legem
563 1641 739 1722 aequitatis
770 1641 829 1705 iuri
855 1650 1020 1706 antestare
1049 1640 1187 1706 stricto?
1220 1643 1418 1706 sententiam
1448 1639 1593 1723 scripto?
1631 1640 1763 1719 bonum,
1790 1651 1824 1706 et

426 1772 569 1834 aequum
602 1774 674 1817 esse
705 1750 797 1818 ius¹i
841 1753 925 1817 Esse
958 1763 1070 1817 autem
1104 1774 1209 1835 aequo
1241 1755 1396 1835 aequius:
1435 1762 1468 1816 et
1497 1753 1668 1816 fauorabili
1696 1753 1824 1817 fauora-

427 1862 544 1928 bilius?
576 1873 610 1928 et
636 1865 707 1928 utili
735 1864 887 1929 utilius²?
932 1866 1076 1928 Lucrum
1103 1865 1149 1928 iili
1179 1866 1450 1929 commerciorum
1475 1865 1537 1928 sibi
1567 1865 1672 1946 perire
1699 1864 1824 1930 nolunt.

426 1976 529 2058 Angli
547 1977 663 2041 nolunt
678 1979 757 2060 quid
773 1978 851 2056 fieri,
867 1979 956 2060 quod
976 1988 1088 2042 contra
1109 1977 1248 2042 salutem
1269 1999 1362 2042 suam
1383 1986 1442 2042 est.
1481 1979 1537 2041 Ius
1555 1979 1824 2041 commerciorum

426 2109 567 2171 aequum
590 2099 659 2153 est:
690 2100 725 2153 at
746 2089 809 2153 hoc
832 2091 968 2172 aequius
990 2091 1133 2153 tuendae
1156 2091 1279 2153 salutis.
1311 2100 1361 2152 est
1385 2089 1465 2152 illud
1488 2091 1639 2171 gentium
1662 2090 1730 2152 ius:
1760 2089 1824 2153 hoc

428 2210 562 2266 naturae
595 2211 653 2266 est.
695 2212 746 2265 est
778 2202 858 2265 illud
890 2203 1114 2284 priuatorum:
1156 2213 1206 2266 est
1241 2203 1304 2266 hoc
1341 2222 1523 2282 regnorum.
1584 2201 1690 2267 Cedat
1726 2202 1825 2283 igitur

427 2333 526 2395 regno
552 2322 743 2390 mercatura,
769 2314 870 2378 homo
897 2323 1044 2389 naturae,
1066 2313 1203 2395 pecunia
1231 2314 1327 2377 uitae.
1374 2313 1462 2377 Istae
1488 2323 1565 2377 sunt
1592 2314 1734 2377 rationes
1761 2314 1824 2376 sol·

427 2426 523 2490 uendi
539 2425 649 2508 legum
667 2447 812 2509 pugnas:
836 2435 873 2490 ut
887 2427 1036 2509 digniori,
1053 2426 1181 2500 utiliori,
1194 2427 1338 2507 aequiori
1354 2427 1491 2490 cedatur
1506 2427 1569 2508 legi
1580 2425 1602 2490 ³.
1649 2426 1697 2490 Ut
1713 2447 1825 2490 sacrae

427 2539 560 2602 cedatur
582 2559 602 2602 a
623 2537 780 2619 profana;
807 2539 969 2620 spectanti
994 2539 1139 2601 animam
1164 2559 1183 2600 a
1208 2547 1379 2619 spectante
1402 2559 1539 2620 corpus3
1567 2538 1729 2620 spectanti
1752 2558 1825 2601 cor-

428 2669 495 2731 pus,
517 2671 538 2714 a
560 2661 730 2732 spectante
749 2651 917 2728 fortunas3
941 2651 1000 2713 iuri
1020 2649 1158 2713 naturali
1182 2671 1201 2712 a
1225 2651 1305 2732 lege,
1322 2670 1407 2732 quae
1430 2652 1530 2714 etiarn
1554 2671 1696 2732 aequum
1719 2651 1822 2713 conti-

428 2772 503 2826 neat
528 2771 563 2826 et
590 2763 640 2826 ius
667 2763 834 2840 naturale;
869 2763 1026 2826 statuenti
1054 2762 1227 2825 tuitionem
1254 2782 1395 2840 suorum,
1418 2783 1438 2825 a
1460 2771 1627 2826 statuente
1649 2762 1823 2825 tuitionem

427 2873 624 2940 alienorum:
648 2874 783 2938 habenti
801 2875 926 2937 bonum
946 2874 1122 2956 publicum,
1138 2875 1180 2936 ab
1196 2873 1339 2937 habente
1355 2875 1518 2956 priuatum
1532 2899 1539 2952 ;
1562 2895 1688 2955 aequae
1703 2895 1722 2937 a
1739 2875 1825 2955 rigo-

428 3007 519 3065 rosa;
550 2987 720 3050 necessarii
747 3006 842 3050 casus
864 3007 884 3048 a
907 3005 972 3049 non
1000 2986 1076 3065 tali3
1108 2987 1320 3068 praecipienti
1343 2996 1377 3049 et
1399 2987 1525 3050 uetanti
1547 3007 1567 3048 a
1591 2987 1822 3067 permittente3

427 3099 526 3162 ueteri
543 3119 563 3162 a
578 3118 684 3176 noua;
707 3097 932 3180 priuilegiatae
954 3118 1072 3161 causae
1095 3099 1208 3180 magiS,
1224 3108 1285 3162 etc.
1332 3098 1427 3162 Haec
1451 3099 1482 3160 in
1506 3097 1638 3161 ciuitate
1657 3107 1707 3160 est
1730 3097 1823 3174 ratio,

427 3229 483 3272 cur
503 3211 546 3274 de
568 3231 628 3273 suo
651 3230 750 3293 saepe
772 3209 879 3274 facere
902 3219 1066 3292 nequeant
1089 3209 1238 3272 homines
1260 3209 1349 3291 quod
1368 3208 1510 3272 uellent:
1536 3229 1577 3270 ne
1593 3210 1672 3290 quid
1689 3210 1823 3291 respub-

428 3321 487 3386 iica
502 3333 633 3405 caperet
649 3323 855 3386 detrimenti:
879 3342 919 3384 ne
935 3323 1014 3405 quid
1034 3322 1133 3385 etiam
1151 3341 1216 3384 non
1234 3321 1330 3402 aequi
1349 3321 1381 3383 in
1402 3321 1483 3383 alios
1503 3321 1648 3402 priuatos
1669 3321 1789 3383 rediret
1799 3305 1826 3382 *ζ

429 3433 472 3499 Et
486 3433 539 3499 hic
556 3435 638 3499 ratio
654 3435 804 3516 publicae
820 3436 864 3498 rei
881 3444 940 3512 est,
956 3433 1107 3516 publicae
1121 3434 1224 3516 partis
1244 3434 1339 3496 orbis.
1387 3431 1452 3496 Hic
1468 3442 1598 3496 tanturn
1614 3431 1694 3494 illud
1710 3452 1823 3494 sumus

428 3547 635 3625 admonendi,
650 3547 710 3610 etsi
733 3546 766 3609 in
789 3556 921 3629 promtu
946 3555 1004 3623 est,
1020 3556 1056 3609 ut
1075 3545 1386 3617 animaduertamus,
1403 3564 1503 3625 quum
1528 3545 1639 3606 iuuare
1662 3542 1823 3620 uolumus,

429 3677 485 3723 nos
501 3660 548 3723 uti
572 3661 785 3722 excusatione
802 3660 960 3723 aduersus
983 3658 1065 3720 alios
1086 3677 1169 3739 quos
1193 3657 1284 3719 inuiti
1309 3655 1515 3733 offendimus,
1531 3674 1725 3737 quacunque
1748 3675 1822 3736 pos-

428 3791 545 3850 sumus,
558 3791 659 3852 quare
675 3770 707 3834 id
724 3773 812 3852 quod
829 3770 975 3848 iacimus,
987 3789 1121 3833 necesse
1135 3769 1185 3844 sit,
1202 3787 1262 3831 nec
1277 3767 1372 3830 aliter
1387 3766 1493 3830 facere
1509 3768 1690 3849 possimus:
1715 3776 1822 3830 caete-

428 3881 534 3964 risque
549 3882 657 3964 operis
673 3892 705 3945 et
721 3881 834 3944 officiis
849 3880 993 3944 futurum
1009 3881 1099 3962 quod
1116 3878 1355 3957 uiolauerimus,
1371 3879 1653 3959 compensandum
1664 3877 1685 3942 ὅ.
1729 3878 1822 3943 Haec

430 3993 550 4072 Cicero,
566 3996 593 4058 si
613 3994 747 4076 quando
769 3993 851 4057 aiios
873 4003 985 4056 contra
1008 3991 1091 4055 alios
1114 4001 1282 4054 tueamur:
1306 4011 1391 4072 quae
1413 3999 1507 4054 tanto
1531 3999 1606 4053 sunt
1629 3992 1767 4053 certiora
1789 3992 1822 4054 in

428 4104 613 4169 defensione
636 4105 768 4187 propria
791 4113 912 4167 nostra.
958 4101 1002 4166 Et
1019 4103 1197 4184 disputatio
1221 4102 1367 4165 eiusdem
1391 4100 1466 4176 lata,
1484 4102 1573 4183 quod
1593 4111 1706 4164 contra
1728 4112 1823 4165 natu·

430 4235 495 4278 ram
515 4217 565 4294 sit,
581 4225 614 4280 et
633 4226 748 4281 contra
767 4216 857 4298 leges
876 4214 1082 4296 populorum,
1098 4212 1240 4276 hominis
1260 4213 1471 4278 incommodo
1491 4234 1587 4276 suum
1609 4214 1822 4277 commodum

610 4457 618 4486 ¹
635 4457 651 4507 l.
663 4458 686 4506 8.
698 4458 728 4508 C.
741 4458 772 4508 de
783 4457 841 4507 iudi.
855 4459 891 4520 (3.
905 4458 947 4518 r);
965 4458 1019 4508 Cic.
1034 4474 1054 4509 a.
1068 4458 1098 4508 de
1110 4457 1164 4508 Inu.
1177 4456 1223 4520 483
1241 4455 1258 4505 l.
1271 4471 1310 4520 90.
1322 4455 1352 4504 de
1365 4471 1414 4518 reg.
1427 4456 1459 4505 iu.
1472 4455 1516 4515 (D.
1530 4469 1569 4517 50.
1586 4457 1635 4517 17).

504 4539 515 4570 ⁸
531 4541 585 4590 Bal.
597 4553 620 4604 5.
632 4556 699 4591 cous.
714 4554 768 4603 ²33·
781 4550 841 4604 371;
858 4540 921 4590 Dec.
933 4555 1000 4590 cons.
1016 4554 1054 4604 ²5·
1365 4521 1475 4600 'Steptn
1489 4536 1560 4585 Fred.
1572 4537 1603 4584 de
1615 4537 1664 4584 Int.
1676 4551 1701 4598 p.
1716 4547 1737 4581 2.

460 4621 469 4650 ⁴
483 4622 500 4674 l.
514 4638 534 4674 2.
546 4623 578 4674 de
589 4623 635 4683 his,
647 4623 689 4688 qui
700 4639 736 4676 su.
750 4639 785 4673 su.
799 4623 843 4684 (D.
859 4621 936 4684 1.6);
953 4620 970 4672 l.
986 4635 1005 4672 1.
1019 4623 1050 4670 de
1061 4637 1100 4686 aq.
1113 4637 1151 4671 co.
1165 4621 1210 4684 (D.
1223 4634 1262 4682 43.
1278 4620 1327 4680 20).
1520 4617 1529 4646 ⁶
1547 4618 1600 4667 Cic.
1615 4631 1635 4666 2.
1647 4617 1678 4664 de
1690 4615 1738 4664 Off.
1752 4629 1788 4678 19.

1112 4837 1135 4884 Ο
