<?xml version="1.0" encoding="UTF-8"?>
<!DOCTYPE html PUBLIC "-//W3C//DTD XHTML 1.0 Transitional//EN"
    "http://www.w3.org/TR/xhtml1/DTD/xhtml1-transitional.dtd">
<html xmlns="http://www.w3.org/1999/xhtml" xml:lang="en" lang="en">
 <head>
  <title>
</title>
<meta http-equiv="Content-Type" content="text/html;charset=utf-8" />
  <meta name='ocr-system' content='tesseract 3.04.00' />
  <meta name='ocr-capabilities' content='ocr_page ocr_carea ocr_par ocr_line ocrx_word'/>
</head>
<body>
  <div class='ocr_page' id='page_1' title='image "albericigentili01gentgoog_0083.png"; bbox 0 0 4456 5566; ppageno 0'>
   <div class='ocr_carea' id='block_1_1' title="bbox 492 697 1413 780">
    <p class='ocr_par' dir='ltr' id='par_1_1' title="bbox 492 697 1413 780">
     <span class='ocr_line' id='line_1_1' title="bbox 492 697 1413 780; baseline -0.005 -23"><span class='ocrx_word' id='word_1_1' title='bbox 492 709 536 780; x_wconf 84' lang='lat'>50</span> <span class='ocrx_word' id='word_1_2' title='bbox 978 698 1182 754; x_wconf 83' lang='lat' dir='ltr'><em>ALBERICI</em></span> <span class='ocrx_word' id='word_1_3' title='bbox 1210 697 1413 752; x_wconf 87' lang='lat' dir='ltr'><em>GENTILIS</em></span> 
     </span>
    </p>
   </div>
   <div class='ocr_carea' id='block_1_2' title="bbox 481 939 1968 3029">
    <p class='ocr_par' dir='ltr' id='par_1_2' title="bbox 481 939 1968 3029">
     <span class='ocr_line' id='line_1_2' title="bbox 490 939 1891 1027; baseline -0.004 -17"><span class='ocrx_word' id='word_1_4' title='bbox 490 944 614 1010; x_wconf 90' lang='lat' dir='ltr'>subditi</span> <span class='ocrx_word' id='word_1_5' title='bbox 632 943 686 1009; x_wconf 91' lang='lat' dir='ltr'>isti</span> <span class='ocrx_word' id='word_1_6' title='bbox 702 963 767 1009; x_wconf 94' lang='lat' dir='ltr'>non</span> <span class='ocrx_word' id='word_1_7' title='bbox 783 963 915 1027; x_wconf 89' lang='lat' dir='ltr'>prorsus</span> <span class='ocrx_word' id='word_1_8' title='bbox 931 941 1053 1006; x_wconf 90' lang='lat' dir='ltr'>subditi</span> <span class='ocrx_word' id='word_1_9' title='bbox 1070 939 1239 1005; x_wconf 90' lang='lat' dir='ltr'>conuentis</span> <span class='ocrx_word' id='word_1_10' title='bbox 1257 949 1344 1004; x_wconf 87' lang='lat' dir='ltr'>stare</span> <span class='ocrx_word' id='word_1_11' title='bbox 1360 961 1425 1005; x_wconf 90' lang='lat' dir='ltr'>non</span> <span class='ocrx_word' id='word_1_12' title='bbox 1443 951 1640 1023; x_wconf 85' lang='lat' dir='ltr'>tenerentur,</span> <span class='ocrx_word' id='word_1_13' title='bbox 1656 943 1683 1007; x_wconf 92' lang='lat' dir='ltr'>si</span> <span class='ocrx_word' id='word_1_14' title='bbox 1700 941 1891 1026; x_wconf 80' lang='lat' dir='ltr'>religionem</span> 
     </span>
     <span class='ocr_line' id='line_1_3' title="bbox 490 1052 1893 1137; baseline -0.001 -17"><span class='ocrx_word' id='word_1_15' title='bbox 490 1056 589 1120; x_wconf 89' lang='lat' dir='ltr'>aliam</span> <span class='ocrx_word' id='word_1_16' title='bbox 612 1056 781 1120; x_wconf 91' lang='lat' dir='ltr'>meliorem</span> <span class='ocrx_word' id='word_1_17' title='bbox 800 1055 958 1132; x_wconf 89' lang='lat' dir='ltr'>uiderent,</span> <span class='ocrx_word' id='word_1_18' title='bbox 974 1062 1007 1117; x_wconf 91' lang='lat' dir='ltr'>et</span> <span class='ocrx_word' id='word_1_19' title='bbox 1030 1052 1209 1117; x_wconf 85' lang='lat' dir='ltr'>crederent.</span> <span class='ocrx_word' id='word_1_20' title='bbox 1254 1052 1343 1116; x_wconf 91' lang='lat' dir='ltr'>Nam</span> <span class='ocrx_word' id='word_1_21' title='bbox 1366 1062 1534 1137; x_wconf 88' lang='lat' dir='ltr'>receptum</span> <span class='ocrx_word' id='word_1_22' title='bbox 1556 1063 1614 1132; x_wconf 86' lang='lat' dir='ltr'>est,</span> <span class='ocrx_word' id='word_1_23' title='bbox 1630 1075 1691 1119; x_wconf 94' lang='lat' dir='ltr'>nec</span> <span class='ocrx_word' id='word_1_24' title='bbox 1710 1053 1893 1118; x_wconf 89' lang='lat' dir='ltr'>iuramenta</span> 
     </span>
     <span class='ocr_line' id='line_1_4' title="bbox 490 1163 1893 1249; baseline -0.001 -19"><span class='ocrx_word' id='word_1_25' title='bbox 490 1167 601 1231; x_wconf 89' lang='lat' dir='ltr'>ualere</span> <span class='ocrx_word' id='word_1_26' title='bbox 623 1187 709 1249; x_wconf 88' lang='lat' dir='ltr'>quae</span> <span class='ocrx_word' id='word_1_27' title='bbox 733 1186 799 1231; x_wconf 89' lang='lat' dir='ltr'>non</span> <span class='ocrx_word' id='word_1_28' title='bbox 819 1165 945 1230; x_wconf 90' lang='lat' dir='ltr'>habent</span> <span class='ocrx_word' id='word_1_29' title='bbox 963 1163 1038 1228; x_wconf 90' lang='lat' dir='ltr'>illos</span> <span class='ocrx_word' id='word_1_30' title='bbox 1059 1163 1197 1228; x_wconf 89' lang='lat' dir='ltr'>comites</span> <span class='ocrx_word' id='word_1_31' title='bbox 1215 1173 1290 1242; x_wconf 90' lang='lat' dir='ltr'>tres,</span> <span class='ocrx_word' id='word_1_32' title='bbox 1311 1165 1497 1244; x_wconf 73' lang='lat' dir='ltr'>‘iustitiam</span> <span class='ocrx_word' id='word_1_33' title='bbox 1516 1175 1550 1230; x_wconf 91' lang='lat' dir='ltr'>et</span> <span class='ocrx_word' id='word_1_34' title='bbox 1568 1165 1733 1242; x_wconf 87' lang='lat' dir='ltr'>iudicium,</span> <span class='ocrx_word' id='word_1_35' title='bbox 1753 1175 1786 1230; x_wconf 89' lang='lat' dir='ltr'>et</span> <span class='ocrx_word' id='word_1_36' title='bbox 1809 1164 1893 1229; x_wconf 92' lang='lat' dir='ltr'>ueri·</span> 
     </span>
     <span class='ocr_line' id='line_1_5' title="bbox 489 1275 1891 1362; baseline -0.002 -19"><span class='ocrx_word' id='word_1_37' title='bbox 489 1280 617 1343; x_wconf 88' lang='lat' dir='ltr'>‘tatem</span> <span class='ocrx_word' id='word_1_38' title='bbox 626 1275 658 1342; x_wconf 88' lang='lat'>¹.&#39;</span> <span class='ocrx_word' id='word_1_39' title='bbox 703 1277 832 1362; x_wconf 88' lang='lat' dir='ltr'>Quibus</span> <span class='ocrx_word' id='word_1_40' title='bbox 851 1275 1004 1341; x_wconf 91' lang='lat' dir='ltr'>omnibus</span> <span class='ocrx_word' id='word_1_41' title='bbox 1025 1275 1079 1339; x_wconf 91' lang='lat' dir='ltr'>hic</span> <span class='ocrx_word' id='word_1_42' title='bbox 1096 1275 1304 1339; x_wconf 88' lang='lat' dir='ltr'>destituimur</span> <span class='ocrx_word' id='word_1_43' title='bbox 1322 1275 1466 1360; x_wconf 93' lang='lat' dir='ltr'>liquido:</span> <span class='ocrx_word' id='word_1_44' title='bbox 1490 1277 1546 1341; x_wconf 94' lang='lat' dir='ltr'>ubi</span> <span class='ocrx_word' id='word_1_45' title='bbox 1564 1275 1681 1341; x_wconf 82' lang='lat' dir='ltr'>falsam</span> <span class='ocrx_word' id='word_1_46' title='bbox 1700 1276 1891 1360; x_wconf 88' lang='lat' dir='ltr'>religionem</span> 
     </span>
     <span class='ocr_line' id='line_1_6' title="bbox 489 1386 1892 1472; baseline 0 -20"><span class='ocrx_word' id='word_1_47' title='bbox 489 1389 702 1471; x_wconf 89' lang='lat' dir='ltr'>probauimus</span> <span class='ocrx_word' id='word_1_48' title='bbox 725 1389 838 1472; x_wconf 88' lang='lat' dir='ltr'>ignari,</span> <span class='ocrx_word' id='word_1_49' title='bbox 855 1398 888 1452; x_wconf 90' lang='lat' dir='ltr'>et</span> <span class='ocrx_word' id='word_1_50' title='bbox 906 1396 1019 1452; x_wconf 89' lang='lat' dir='ltr'>tenere</span> <span class='ocrx_word' id='word_1_51' title='bbox 1040 1386 1288 1470; x_wconf 90' lang='lat' dir='ltr'>spopondimus.</span> <span class='ocrx_word' id='word_1_52' title='bbox 1333 1386 1450 1467; x_wconf 88' lang='lat' dir='ltr'>Audis,</span> <span class='ocrx_word' id='word_1_53' title='bbox 1470 1388 1585 1472; x_wconf 86' lang='lat' dir='ltr'>‘Quae</span> <span class='ocrx_word' id='word_1_54' title='bbox 1608 1388 1651 1452; x_wconf 92' lang='lat' dir='ltr'>ad</span> <span class='ocrx_word' id='word_1_55' title='bbox 1675 1389 1774 1454; x_wconf 84' lang='lat' dir='ltr'>fidem</span> <span class='ocrx_word' id='word_1_56' title='bbox 1793 1389 1892 1472; x_wconf 90' lang='lat' dir='ltr'>perti·</span> 
     </span>
     <span class='ocr_line' id='line_1_7' title="bbox 488 1495 1890 1584; baseline 0 -21"><span class='ocrx_word' id='word_1_57' title='bbox 488 1504 496 1532; x_wconf 95' lang='lat'>‘</span> <span class='ocrx_word' id='word_1_58' title='bbox 512 1510 599 1579; x_wconf 91' lang='lat' dir='ltr'>nent,</span> <span class='ocrx_word' id='word_1_59' title='bbox 615 1521 654 1564; x_wconf 89' lang='lat' dir='ltr'>ea</span> <span class='ocrx_word' id='word_1_60' title='bbox 674 1519 739 1563; x_wconf 92' lang='lat' dir='ltr'>non</span> <span class='ocrx_word' id='word_1_61' title='bbox 756 1519 886 1564; x_wconf 86' lang='lat' dir='ltr'>seruare</span> <span class='ocrx_word' id='word_1_62' title='bbox 904 1499 1069 1564; x_wconf 86' lang='lat' dir='ltr'>interdum</span> <span class='ocrx_word' id='word_1_63' title='bbox 1086 1508 1136 1563; x_wconf 90' lang='lat' dir='ltr'>est</span> <span class='ocrx_word' id='word_1_64' title='bbox 1154 1499 1276 1563; x_wconf 90' lang='lat' dir='ltr'>iustum</span> <span class='ocrx_word' id='word_1_65' title='bbox 1287 1495 1318 1563; x_wconf 84' lang='lat'>².’</span> <span class='ocrx_word' id='word_1_66' title='bbox 1371 1500 1417 1563; x_wconf 89' lang='lat' dir='ltr'>Et</span> <span class='ocrx_word' id='word_1_67' title='bbox 1435 1521 1455 1563; x_wconf 90' lang='lat' dir='ltr'>a</span> <span class='ocrx_word' id='word_1_68' title='bbox 1472 1501 1646 1564; x_wconf 89' lang='lat' dir='ltr'>temerario</span> <span class='ocrx_word' id='word_1_69' title='bbox 1661 1510 1761 1584; x_wconf 89' lang='lat' dir='ltr'>atque</span> <span class='ocrx_word' id='word_1_70' title='bbox 1779 1501 1890 1565; x_wconf 92' lang='lat' dir='ltr'>incon·</span> 
     </span>
     <span class='ocr_line' id='line_1_8' title="bbox 486 1609 1890 1692; baseline 0.001 -18"><span class='ocrx_word' id='word_1_71' title='bbox 486 1611 574 1675; x_wconf 89' lang='lat' dir='ltr'>sulto</span> <span class='ocrx_word' id='word_1_72' title='bbox 597 1610 803 1675; x_wconf 88' lang='lat' dir='ltr'>iureiurando</span> <span class='ocrx_word' id='word_1_73' title='bbox 827 1610 987 1689; x_wconf 89' lang='lat' dir='ltr'>recedere,</span> <span class='ocrx_word' id='word_1_74' title='bbox 1011 1630 1076 1673; x_wconf 94' lang='lat' dir='ltr'>non</span> <span class='ocrx_word' id='word_1_75' title='bbox 1100 1619 1151 1674; x_wconf 90' lang='lat' dir='ltr'>est</span> <span class='ocrx_word' id='word_1_76' title='bbox 1173 1609 1360 1692; x_wconf 89' lang='lat' dir='ltr'>periurium,</span> <span class='ocrx_word' id='word_1_77' title='bbox 1383 1609 1440 1674; x_wconf 90' lang='lat' dir='ltr'>sed</span> <span class='ocrx_word' id='word_1_78' title='bbox 1464 1612 1616 1690; x_wconf 88' lang='lat' dir='ltr'>officium,</span> <span class='ocrx_word' id='word_1_79' title='bbox 1639 1611 1716 1676; x_wconf 82' lang='lat' dir='ltr'>etc.³</span> <span class='ocrx_word' id='word_1_80' title='bbox 1776 1611 1822 1676; x_wconf 91' lang='lat' dir='ltr'>Et</span> <span class='ocrx_word' id='word_1_81' title='bbox 1845 1612 1890 1677; x_wconf 89' lang='lat' dir='ltr'>ita</span> 
     </span>
     <span class='ocr_line' id='line_1_9' title="bbox 487 1720 1889 1805; baseline 0.002 -21"><span class='ocrx_word' id='word_1_82' title='bbox 487 1722 586 1805; x_wconf 91' lang='lat' dir='ltr'>igitur</span> <span class='ocrx_word' id='word_1_83' title='bbox 608 1741 735 1801; x_wconf 90' lang='lat' dir='ltr'>censeo,</span> <span class='ocrx_word' id='word_1_84' title='bbox 758 1722 871 1805; x_wconf 92' lang='lat' dir='ltr'>utqui</span> <span class='ocrx_word' id='word_1_85' title='bbox 894 1720 1046 1786; x_wconf 87' lang='lat' dir='ltr'>subditus</span> <span class='ocrx_word' id='word_1_86' title='bbox 1065 1721 1279 1802; x_wconf 90' lang='lat' dir='ltr'>priuatusque</span> <span class='ocrx_word' id='word_1_87' title='bbox 1300 1740 1367 1784; x_wconf 93' lang='lat' dir='ltr'>non</span> <span class='ocrx_word' id='word_1_88' title='bbox 1390 1730 1449 1800; x_wconf 90' lang='lat' dir='ltr'>est,</span> <span class='ocrx_word' id='word_1_89' title='bbox 1468 1721 1495 1786; x_wconf 91' lang='lat' dir='ltr'>is</span> <span class='ocrx_word' id='word_1_90' title='bbox 1518 1743 1554 1785; x_wconf 90' lang='lat' dir='ltr'>se</span> <span class='ocrx_word' id='word_1_91' title='bbox 1576 1722 1752 1787; x_wconf 80' lang='lat' dir='ltr'>defendere</span> <span class='ocrx_word' id='word_1_92' title='bbox 1776 1733 1889 1787; x_wconf 88' lang='lat' dir='ltr'>contra</span> 
     </span>
     <span class='ocr_line' id='line_1_10' title="bbox 486 1830 1902 1917; baseline 0.001 -21"><span class='ocrx_word' id='word_1_93' title='bbox 486 1833 668 1916; x_wconf 89' lang='lat' dir='ltr'>principem</span> <span class='ocrx_word' id='word_1_94' title='bbox 690 1833 724 1896; x_wconf 95' lang='lat' dir='ltr'>in</span> <span class='ocrx_word' id='word_1_95' title='bbox 747 1831 810 1896; x_wconf 90' lang='lat' dir='ltr'>ista</span> <span class='ocrx_word' id='word_1_96' title='bbox 828 1852 944 1896; x_wconf 85' lang='lat' dir='ltr'>caussa</span> <span class='ocrx_word' id='word_1_97' title='bbox 966 1830 1132 1914; x_wconf 87' lang='lat' dir='ltr'>religionis</span> <span class='ocrx_word' id='word_1_98' title='bbox 1151 1831 1251 1895; x_wconf 90' lang='lat' dir='ltr'>etiam</span> <span class='ocrx_word' id='word_1_99' title='bbox 1270 1852 1329 1914; x_wconf 92' lang='lat' dir='ltr'>per</span> <span class='ocrx_word' id='word_1_100' title='bbox 1345 1831 1471 1896; x_wconf 90' lang='lat' dir='ltr'>bellurn</span> <span class='ocrx_word' id='word_1_101' title='bbox 1494 1833 1607 1914; x_wconf 91' lang='lat' dir='ltr'>possit.</span> <span class='ocrx_word' id='word_1_102' title='bbox 1652 1833 1719 1917; x_wconf 86' lang='lat' dir='ltr'>Qui</span> <span class='ocrx_word' id='word_1_103' title='bbox 1737 1833 1902 1898; x_wconf 90' lang='lat' dir='ltr'>subditus&#39;</span> 
     </span>
     <span class='ocr_line' id='line_1_11' title="bbox 485 1941 1887 2026; baseline 0.001 -17"><span class='ocrx_word' id='word_1_104' title='bbox 485 1945 583 2009; x_wconf 89' lang='lat' dir='ltr'>simul</span> <span class='ocrx_word' id='word_1_105' title='bbox 606 1953 639 2008; x_wconf 89' lang='lat' dir='ltr'>et</span> <span class='ocrx_word' id='word_1_106' title='bbox 662 1942 809 2026; x_wconf 91' lang='lat' dir='ltr'>priuatus</span> <span class='ocrx_word' id='word_1_107' title='bbox 832 1963 898 2006; x_wconf 91' lang='lat' dir='ltr'>non</span> <span class='ocrx_word' id='word_1_108' title='bbox 921 1953 980 2023; x_wconf 90' lang='lat' dir='ltr'>est,</span> <span class='ocrx_word' id='word_1_109' title='bbox 996 1942 1023 2006; x_wconf 90' lang='lat' dir='ltr'>is</span> <span class='ocrx_word' id='word_1_110' title='bbox 1041 1941 1159 2007; x_wconf 92' lang='lat' dir='ltr'>ultimo</span> <span class='ocrx_word' id='word_1_111' title='bbox 1182 1941 1264 2021; x_wconf 91' lang='lat' dir='ltr'>loc0,</span> <span class='ocrx_word' id='word_1_112' title='bbox 1279 1951 1313 2006; x_wconf 92' lang='lat' dir='ltr'>et</span> <span class='ocrx_word' id='word_1_113' title='bbox 1335 1962 1395 2024; x_wconf 93' lang='lat' dir='ltr'>pro</span> <span class='ocrx_word' id='word_1_114' title='bbox 1418 1944 1563 2008; x_wconf 90' lang='lat' dir='ltr'>remedio</span> <span class='ocrx_word' id='word_1_115' title='bbox 1579 1943 1696 2008; x_wconf 89' lang='lat' dir='ltr'>ultimo</span> <span class='ocrx_word' id='word_1_116' title='bbox 1718 1954 1828 2026; x_wconf 88' lang='lat' dir='ltr'>potest</span> <span class='ocrx_word' id='word_1_117' title='bbox 1850 1965 1887 2010; x_wconf 90' lang='lat' dir='ltr'>se</span> 
     </span>
     <span class='ocr_line' id='line_1_12' title="bbox 485 2050 1885 2139; baseline 0.001 -21"><span class='ocrx_word' id='word_1_118' title='bbox 485 2055 518 2118; x_wconf 94' lang='lat' dir='ltr'>in</span> <span class='ocrx_word' id='word_1_119' title='bbox 540 2054 613 2119; x_wconf 85' lang='lat' dir='ltr'>aliis</span> <span class='ocrx_word' id='word_1_120' title='bbox 639 2053 763 2119; x_wconf 88' lang='lat' dir='ltr'>caussis</span> <span class='ocrx_word' id='word_1_121' title='bbox 786 2051 875 2118; x_wconf 94' lang='lat' dir='ltr'>bello</span> <span class='ocrx_word' id='word_1_122' title='bbox 897 2054 980 2118; x_wconf 89' lang='lat' dir='ltr'>tueri</span> <span class='ocrx_word' id='word_1_123' title='bbox 989 2050 1013 2117; x_wconf 83' lang='lat'>⁴.</span> <span class='ocrx_word' id='word_1_124' title='bbox 1043 2062 1089 2132; x_wconf 87' lang='lat' dir='ltr'>ut,</span> <span class='ocrx_word' id='word_1_125' title='bbox 1112 2073 1212 2136; x_wconf 90' lang='lat' dir='ltr'>quem</span> <span class='ocrx_word' id='word_1_126' title='bbox 1236 2073 1302 2116; x_wconf 94' lang='lat' dir='ltr'>non</span> <span class='ocrx_word' id='word_1_127' title='bbox 1325 2053 1417 2118; x_wconf 89' lang='lat' dir='ltr'>iuuat</span> <span class='ocrx_word' id='word_1_128' title='bbox 1440 2055 1522 2117; x_wconf 85' lang='lat' dir='ltr'>ratio</span> <span class='ocrx_word' id='word_1_129' title='bbox 1545 2064 1681 2138; x_wconf 89' lang='lat' dir='ltr'>propter</span> <span class='ocrx_word' id='word_1_130' title='bbox 1702 2055 1885 2139; x_wconf 89' lang='lat' dir='ltr'>potentiam</span> 
     </span>
     <span class='ocr_line' id='line_1_13' title="bbox 484 2163 1885 2249; baseline 0 -17"><span class='ocrx_word' id='word_1_131' title='bbox 484 2168 618 2246; x_wconf 91' lang='lat' dir='ltr'>domini,</span> <span class='ocrx_word' id='word_1_132' title='bbox 648 2187 740 2230; x_wconf 92' lang='lat' dir='ltr'>arma</span> <span class='ocrx_word' id='word_1_133' title='bbox 769 2186 846 2230; x_wconf 91' lang='lat' dir='ltr'>eum</span> <span class='ocrx_word' id='word_1_134' title='bbox 876 2164 1063 2229; x_wconf 86' lang='lat' dir='ltr'>defendant.</span> <span class='ocrx_word' id='word_1_135' title='bbox 1103 2183 1179 2229; x_wconf 90' lang='lat' dir='ltr'>cum</span> <span class='ocrx_word' id='word_1_136' title='bbox 1209 2163 1242 2227; x_wconf 94' lang='lat' dir='ltr'>id</span> <span class='ocrx_word' id='word_1_137' title='bbox 1273 2184 1378 2247; x_wconf 89' lang='lat' dir='ltr'>genus</span> <span class='ocrx_word' id='word_1_138' title='bbox 1406 2165 1486 2230; x_wconf 91' lang='lat' dir='ltr'>aliis.</span> <span class='ocrx_word' id='word_1_139' title='bbox 1524 2187 1609 2249; x_wconf 90' lang='lat' dir='ltr'>quae</span> <span class='ocrx_word' id='word_1_140' title='bbox 1639 2167 1686 2230; x_wconf 89' lang='lat' dir='ltr'>sic</span> <span class='ocrx_word' id='word_1_141' title='bbox 1715 2166 1885 2246; x_wconf 89' lang='lat' dir='ltr'>definiunt,</span> 
     </span>
     <span class='ocr_line' id='line_1_14' title="bbox 483 2275 1885 2362; baseline 0 -20"><span class='ocrx_word' id='word_1_142' title='bbox 483 2279 575 2362; x_wconf 92' lang='lat' dir='ltr'>quod</span> <span class='ocrx_word' id='word_1_143' title='bbox 603 2277 790 2362; x_wconf 89' lang='lat' dir='ltr'>quaesitum</span> <span class='ocrx_word' id='word_1_144' title='bbox 817 2285 851 2342; x_wconf 91' lang='lat' dir='ltr'>et</span> <span class='ocrx_word' id='word_1_145' title='bbox 880 2275 1087 2340; x_wconf 87' lang='lat' dir='ltr'>indefinitum</span> <span class='ocrx_word' id='word_1_146' title='bbox 1117 2275 1267 2340; x_wconf 89' lang='lat' dir='ltr'>relictum</span> <span class='ocrx_word' id='word_1_147' title='bbox 1297 2275 1376 2340; x_wconf 91' lang='lat' dir='ltr'>alibi</span> <span class='ocrx_word' id='word_1_148' title='bbox 1405 2298 1426 2340; x_wconf 87' lang='lat' dir='ltr'>a</span> <span class='ocrx_word' id='word_1_149' title='bbox 1456 2275 1563 2341; x_wconf 91' lang='lat' dir='ltr'>Baldo</span> <span class='ocrx_word' id='word_1_150' title='bbox 1590 2278 1672 2342; x_wconf 65' lang='lat' dir='ltr'>estl.</span> <span class='ocrx_word' id='word_1_151' title='bbox 1727 2278 1885 2343; x_wconf 85' lang='lat' dir='ltr'>Defensio</span> 
     </span>
     <span class='ocr_line' id='line_1_15' title="bbox 483 2385 1883 2474; baseline 0.001 -22"><span class='ocrx_word' id='word_1_152' title='bbox 483 2389 569 2453; x_wconf 85' lang='lat' dir='ltr'>iusta</span> <span class='ocrx_word' id='word_1_153' title='bbox 591 2398 705 2455; x_wconf 91' lang='lat' dir='ltr'>contra</span> <span class='ocrx_word' id='word_1_154' title='bbox 727 2408 844 2452; x_wconf 89' lang='lat' dir='ltr'>omncs</span> <span class='ocrx_word' id='word_1_155' title='bbox 865 2397 923 2466; x_wconf 87' lang='lat' dir='ltr'>est,</span> <span class='ocrx_word' id='word_1_156' title='bbox 942 2407 1002 2452; x_wconf 89' lang='lat' dir='ltr'>nec</span> <span class='ocrx_word' id='word_1_157' title='bbox 1022 2387 1123 2452; x_wconf 91' lang='lat' dir='ltr'>debet</span> <span class='ocrx_word' id='word_1_158' title='bbox 1141 2385 1245 2450; x_wconf 91' lang='lat' dir='ltr'>ullum</span> <span class='ocrx_word' id='word_1_159' title='bbox 1264 2396 1405 2469; x_wconf 89' lang='lat' dir='ltr'>patrono</span> <span class='ocrx_word' id='word_1_160' title='bbox 1422 2388 1582 2452; x_wconf 90' lang='lat' dir='ltr'>honorem</span> <span class='ocrx_word' id='word_1_161' title='bbox 1592 2389 1614 2453; x_wconf 79' lang='lat'>⁶.</span> <span class='ocrx_word' id='word_1_162' title='bbox 1660 2389 1810 2454; x_wconf 91' lang='lat' dir='ltr'>Priuatus</span> <span class='ocrx_word' id='word_1_163' title='bbox 1828 2391 1883 2474; x_wconf 92' lang='lat' dir='ltr'>qui</span> 
     </span>
     <span class='ocr_line' id='line_1_16' title="bbox 482 2496 1883 2582; baseline 0.002 -18"><span class='ocrx_word' id='word_1_164' title='bbox 482 2500 585 2566; x_wconf 90' lang='lat' dir='ltr'>homo</span> <span class='ocrx_word' id='word_1_165' title='bbox 599 2509 659 2581; x_wconf 83' lang='lat' dir='ltr'>est,</span> <span class='ocrx_word' id='word_1_166' title='bbox 675 2499 755 2564; x_wconf 92' lang='lat' dir='ltr'>nihil</span> <span class='ocrx_word' id='word_1_167' title='bbox 770 2499 908 2564; x_wconf 90' lang='lat' dir='ltr'>istorum</span> <span class='ocrx_word' id='word_1_168' title='bbox 924 2506 1044 2581; x_wconf 86' lang='lat' dir='ltr'>potest.</span> <span class='ocrx_word' id='word_1_169' title='bbox 1090 2497 1159 2563; x_wconf 88' lang='lat' dir='ltr'>Sed</span> <span class='ocrx_word' id='word_1_170' title='bbox 1176 2520 1220 2562; x_wconf 89' lang='lat' dir='ltr'>ex</span> <span class='ocrx_word' id='word_1_171' title='bbox 1236 2496 1358 2563; x_wconf 92' lang='lat' dir='ltr'>Christi</span> <span class='ocrx_word' id='word_1_172' title='bbox 1374 2499 1462 2563; x_wconf 91' lang='lat' dir='ltr'>iussu</span> <span class='ocrx_word' id='word_1_173' title='bbox 1478 2499 1591 2582; x_wconf 86' lang='lat' dir='ltr'>lugere</span> <span class='ocrx_word' id='word_1_174' title='bbox 1607 2509 1737 2565; x_wconf 89' lang='lat' dir='ltr'>tantum</span> <span class='ocrx_word' id='word_1_175' title='bbox 1752 2499 1852 2566; x_wconf 87' lang='lat' dir='ltr'>habet</span> <span class='ocrx_word' id='word_1_176' title='bbox 1861 2501 1883 2566; x_wconf 85' lang='lat'>⁷.</span> 
     </span>
     <span class='ocr_line' id='line_1_17' title="bbox 483 2607 1885 2694; baseline 0.002 -19"><span class='ocrx_word' id='word_1_177' title='bbox 483 2613 613 2676; x_wconf 91' lang='lat' dir='ltr'>Durum</span> <span class='ocrx_word' id='word_1_178' title='bbox 631 2609 765 2694; x_wconf 91' lang='lat' dir='ltr'>spoliari</span> <span class='ocrx_word' id='word_1_179' title='bbox 783 2611 898 2693; x_wconf 90' lang='lat' dir='ltr'>patria,</span> <span class='ocrx_word' id='word_1_180' title='bbox 914 2609 1061 2674; x_wconf 84' lang='lat' dir='ltr'>fortunis.</span> <span class='ocrx_word' id='word_1_181' title='bbox 1106 2607 1156 2674; x_wconf 91' lang='lat' dir='ltr'>At</span> <span class='ocrx_word' id='word_1_182' title='bbox 1176 2608 1299 2674; x_wconf 87' lang='lat' dir='ltr'>Christi</span> <span class='ocrx_word' id='word_1_183' title='bbox 1318 2610 1425 2674; x_wconf 89' lang='lat' dir='ltr'>iussus</span> <span class='ocrx_word' id='word_1_184' title='bbox 1442 2609 1496 2676; x_wconf 91' lang='lat' dir='ltr'>hic</span> <span class='ocrx_word' id='word_1_185' title='bbox 1515 2621 1573 2676; x_wconf 88' lang='lat' dir='ltr'>est.</span> <span class='ocrx_word' id='word_1_186' title='bbox 1627 2612 1703 2676; x_wconf 86' lang='lat' dir='ltr'>Lex</span> <span class='ocrx_word' id='word_1_187' title='bbox 1721 2613 1782 2677; x_wconf 91' lang='lat' dir='ltr'>etsi</span> <span class='ocrx_word' id='word_1_188' title='bbox 1801 2614 1885 2678; x_wconf 86' lang='lat' dir='ltr'>dura</span> 
     </span>
     <span class='ocr_line' id='line_1_18' title="bbox 482 2717 1968 2808; baseline 0.001 -21"><span class='ocrx_word' id='word_1_189' title='bbox 482 2723 633 2802; x_wconf 90' lang='lat' dir='ltr'>hominis,</span> <span class='ocrx_word' id='word_1_190' title='bbox 652 2741 691 2788; x_wconf 89' lang='lat' dir='ltr'>ea</span> <span class='ocrx_word' id='word_1_191' title='bbox 710 2723 872 2787; x_wconf 83' lang='lat' dir='ltr'>seruanda</span> <span class='ocrx_word' id='word_1_192' title='bbox 895 2731 944 2786; x_wconf 89' lang='lat' dir='ltr'>est</span> <span class='ocrx_word' id='word_1_193' title='bbox 966 2730 1079 2785; x_wconf 91' lang='lat' dir='ltr'>tamen</span> <span class='ocrx_word' id='word_1_194' title='bbox 1088 2717 1111 2786; x_wconf 81' lang='lat'>⁸.</span> <span class='ocrx_word' id='word_1_195' title='bbox 1156 2721 1202 2785; x_wconf 90' lang='lat' dir='ltr'>Et</span> <span class='ocrx_word' id='word_1_196' title='bbox 1220 2732 1332 2786; x_wconf 90' lang='lat' dir='ltr'>tamen</span> <span class='ocrx_word' id='word_1_197' title='bbox 1351 2721 1530 2787; x_wconf 91' lang='lat' dir='ltr'>uidendum</span> <span class='ocrx_word' id='word_1_198' title='bbox 1554 2723 1607 2787; x_wconf 91' lang='lat' dir='ltr'>hic</span> <span class='ocrx_word' id='word_1_199' title='bbox 1624 2744 1757 2808; x_wconf 91' lang='lat' dir='ltr'>quoque</span> <span class='ocrx_word' id='word_1_200' title='bbox 1778 2735 1837 2805; x_wconf 90' lang='lat' dir='ltr'>est,</span> <span class='ocrx_word' id='word_1_201' title='bbox 1855 2725 1882 2789; x_wconf 91' lang='lat' dir='ltr'>si</span> <span class='ocrx_word' id='word_1_202' title='bbox 1958 2753 1968 2768; x_wconf 89' lang='lat'><strong>·</strong></span> 
     </span>
     <span class='ocr_line' id='line_1_19' title="bbox 481 2833 1881 2918; baseline -0.001 -19"><span class='ocrx_word' id='word_1_203' title='bbox 481 2855 526 2899; x_wconf 86' lang='lat' dir='ltr'>ex</span> <span class='ocrx_word' id='word_1_204' title='bbox 551 2836 682 2918; x_wconf 91' lang='lat' dir='ltr'>priuato</span> <span class='ocrx_word' id='word_1_205' title='bbox 708 2833 740 2897; x_wconf 94' lang='lat' dir='ltr'>in</span> <span class='ocrx_word' id='word_1_206' title='bbox 765 2833 934 2916; x_wconf 92' lang='lat' dir='ltr'>publicum</span> <span class='ocrx_word' id='word_1_207' title='bbox 958 2833 1041 2897; x_wconf 90' lang='lat' dir='ltr'>itum</span> <span class='ocrx_word' id='word_1_208' title='bbox 1067 2833 1119 2898; x_wconf 92' lang='lat' dir='ltr'>sit.</span> <span class='ocrx_word' id='word_1_209' title='bbox 1149 2835 1240 2917; x_wconf 92' lang='lat' dir='ltr'>quod</span> <span class='ocrx_word' id='word_1_210' title='bbox 1263 2834 1395 2916; x_wconf 90' lang='lat' dir='ltr'>quando</span> <span class='ocrx_word' id='word_1_211' title='bbox 1418 2834 1521 2918; x_wconf 89' lang='lat' dir='ltr'>possit</span> <span class='ocrx_word' id='word_1_212' title='bbox 1544 2835 1655 2914; x_wconf 91' lang='lat' dir='ltr'>uideri,</span> <span class='ocrx_word' id='word_1_213' title='bbox 1678 2835 1738 2900; x_wconf 90' lang='lat' dir='ltr'>erit</span> <span class='ocrx_word' id='word_1_214' title='bbox 1761 2835 1881 2900; x_wconf 90' lang='lat' dir='ltr'>alicubi</span> 
     </span>
     <span class='ocr_line' id='line_1_20' title="bbox 482 2945 823 3029; baseline -0.021 -18"><span class='ocrx_word' id='word_1_215' title='bbox 482 2955 598 3029; x_wconf 85' lang='lat' dir='ltr'>postea</span> <span class='ocrx_word' id='word_1_216' title='bbox 615 2945 823 3010; x_wconf 87' lang='lat' dir='ltr'>adnotatum.</span> 
     </span>
    </p>
   </div>
   <div class='ocr_carea' id='block_1_3' title="bbox 1074 3203 1291 3277">
    <p class='ocr_par' dir='ltr' id='par_1_3' title="bbox 1074 3203 1291 3277">
     <span class='ocr_line' id='line_1_21' title="bbox 1074 3203 1291 3277; baseline 0.005 -1"><span class='ocrx_word' id='word_1_217' title='bbox 1074 3203 1163 3277; x_wconf 76' lang='lat' dir='ltr'>Can.</span> <span class='ocrx_word' id='word_1_218' title='bbox 1195 3203 1291 3277; x_wconf 93' lang='lat' dir='ltr'>Xll.</span> 
     </span>
    </p>
   </div>
   <div class='ocr_carea' id='block_1_4' title="bbox 716 3371 1646 3470">
    <p class='ocr_par' dir='ltr' id='par_1_4' title="bbox 716 3371 1646 3470">
     <span class='ocr_line' id='line_1_22' title="bbox 716 3371 1646 3470; baseline 0.003 -23"><span class='ocrx_word' id='word_1_219' title='bbox 716 3373 858 3448; x_wconf 79' lang='lat' dir='ltr'>Utrum</span> <span class='ocrx_word' id='word_1_220' title='bbox 883 3372 959 3444; x_wconf 80' lang='lat' dir='ltr'>sint</span> <span class='ocrx_word' id='word_1_221' title='bbox 983 3395 1129 3445; x_wconf 78' lang='lat' dir='ltr'>caussae</span> <span class='ocrx_word' id='word_1_222' title='bbox 1151 3371 1343 3444; x_wconf 82' lang='lat' dir='ltr'>naturales</span> <span class='ocrx_word' id='word_1_223' title='bbox 1369 3372 1455 3445; x_wconf 82' lang='lat' dir='ltr'>belli</span> <span class='ocrx_word' id='word_1_224' title='bbox 1467 3373 1646 3470; x_wconf 62' lang='lat' dir='ltr'>saszhtdi.</span> 
     </span>
    </p>
   </div>
   <div class='ocr_carea' id='block_1_5' title="bbox 477 3546 1879 4254">
    <p class='ocr_par' dir='ltr' id='par_1_5' title="bbox 477 3546 1879 4072">
     <span class='ocr_line' id='line_1_23' title="bbox 523 3546 1877 3634; baseline 0.002 -19"><span class='ocrx_word' id='word_1_225' title='bbox 523 3551 722 3628; x_wconf 77' lang='lat' dir='ltr'>SEQUITUR</span> <span class='ocrx_word' id='word_1_226' title='bbox 742 3549 786 3614; x_wconf 91' lang='lat' dir='ltr'>de</span> <span class='ocrx_word' id='word_1_227' title='bbox 808 3547 1011 3612; x_wconf 86' lang='lat' dir='ltr'>naturalibus</span> <span class='ocrx_word' id='word_1_228' title='bbox 1029 3547 1108 3611; x_wconf 91' lang='lat' dir='ltr'>belli</span> <span class='ocrx_word' id='word_1_229' title='bbox 1128 3547 1244 3612; x_wconf 91' lang='lat' dir='ltr'>causis.</span> <span class='ocrx_word' id='word_1_230' title='bbox 1288 3546 1405 3632; x_wconf 89' lang='lat' dir='ltr'>Atque</span> <span class='ocrx_word' id='word_1_231' title='bbox 1426 3549 1551 3615; x_wconf 89' lang='lat' dir='ltr'>bellum</span> <span class='ocrx_word' id='word_1_232' title='bbox 1568 3572 1590 3616; x_wconf 88' lang='lat' dir='ltr'>a</span> <span class='ocrx_word' id='word_1_233' title='bbox 1608 3561 1724 3617; x_wconf 90' lang='lat' dir='ltr'>natura</span> <span class='ocrx_word' id='word_1_234' title='bbox 1742 3555 1877 3634; x_wconf 91' lang='lat' dir='ltr'>uidetur,</span> 
     </span>
     <span class='ocr_line' id='line_1_24' title="bbox 478 3657 1877 3744; baseline 0.004 -20"><span class='ocrx_word' id='word_1_235' title='bbox 478 3661 504 3724; x_wconf 89' lang='lat' dir='ltr'>si</span> <span class='ocrx_word' id='word_1_236' title='bbox 525 3682 546 3724; x_wconf 88' lang='lat' dir='ltr'>a</span> <span class='ocrx_word' id='word_1_237' title='bbox 566 3659 680 3744; x_wconf 89' lang='lat' dir='ltr'>primis</span> <span class='ocrx_word' id='word_1_238' title='bbox 703 3659 876 3725; x_wconf 89' lang='lat' dir='ltr'>elementis</span> <span class='ocrx_word' id='word_1_239' title='bbox 898 3659 942 3723; x_wconf 92' lang='lat' dir='ltr'>ad</span> <span class='ocrx_word' id='word_1_240' title='bbox 965 3657 1115 3723; x_wconf 90' lang='lat' dir='ltr'>homines</span> <span class='ocrx_word' id='word_1_241' title='bbox 1138 3679 1243 3741; x_wconf 90' lang='lat' dir='ltr'>usque</span> <span class='ocrx_word' id='word_1_242' title='bbox 1264 3659 1498 3726; x_wconf 89' lang='lat' dir='ltr'>descendendo</span> <span class='ocrx_word' id='word_1_243' title='bbox 1520 3672 1672 3728; x_wconf 90' lang='lat' dir='ltr'>naturam</span> <span class='ocrx_word' id='word_1_244' title='bbox 1697 3685 1804 3729; x_wconf 90' lang='lat' dir='ltr'>rerum</span> <span class='ocrx_word' id='word_1_245' title='bbox 1829 3668 1877 3729; x_wconf 91' lang='lat' dir='ltr'>in·</span> 
     </span>
     <span class='ocr_line' id='line_1_25' title="bbox 478 3769 1878 3858; baseline 0.005 -24"><span class='ocrx_word' id='word_1_246' title='bbox 478 3772 609 3836; x_wconf 80' lang='lat' dir='ltr'>tuearis</span> <span class='ocrx_word' id='word_1_247' title='bbox 656 3772 745 3836; x_wconf 90' lang='lat' dir='ltr'>Ecce</span> <span class='ocrx_word' id='word_1_248' title='bbox 767 3771 891 3836; x_wconf 89' lang='lat' dir='ltr'>etenim</span> <span class='ocrx_word' id='word_1_249' title='bbox 914 3771 1008 3834; x_wconf 91' lang='lat' dir='ltr'>nobis</span> <span class='ocrx_word' id='word_1_250' title='bbox 1030 3769 1156 3834; x_wconf 91' lang='lat' dir='ltr'>bellum</span> <span class='ocrx_word' id='word_1_251' title='bbox 1175 3770 1422 3853; x_wconf 90' lang='lat' dir='ltr'>elementorum,</span> <span class='ocrx_word' id='word_1_252' title='bbox 1440 3794 1500 3856; x_wconf 93' lang='lat' dir='ltr'>per</span> <span class='ocrx_word' id='word_1_253' title='bbox 1526 3776 1614 3858; x_wconf 92' lang='lat' dir='ltr'>quod</span> <span class='ocrx_word' id='word_1_254' title='bbox 1642 3778 1723 3841; x_wconf 90' lang='lat' dir='ltr'>mori</span> <span class='ocrx_word' id='word_1_255' title='bbox 1751 3778 1878 3843; x_wconf 91' lang='lat' dir='ltr'>indies</span> 
     </span>
     <span class='ocr_line' id='line_1_26' title="bbox 478 3879 1879 3975; baseline 0.006 -32"><span class='ocrx_word' id='word_1_256' title='bbox 478 3880 649 3959; x_wconf 88' lang='lat' dir='ltr'>mundum,</span> <span class='ocrx_word' id='word_1_257' title='bbox 676 3890 710 3945; x_wconf 91' lang='lat' dir='ltr'>et</span> <span class='ocrx_word' id='word_1_258' title='bbox 736 3883 836 3959; x_wconf 89' lang='lat' dir='ltr'>nasci,</span> <span class='ocrx_word' id='word_1_259' title='bbox 861 3879 1049 3964; x_wconf 91' lang='lat' dir='ltr'>philosophi</span> <span class='ocrx_word' id='word_1_260' title='bbox 1073 3881 1188 3945; x_wconf 91' lang='lat' dir='ltr'>dicunt</span> <span class='ocrx_word' id='word_1_261' title='bbox 1198 3881 1219 3943; x_wconf 86' lang='lat'>⁹.</span> <span class='ocrx_word' id='word_1_262' title='bbox 1254 3883 1409 3965; x_wconf 90' lang='lat' dir='ltr'>quodque</span> <span class='ocrx_word' id='word_1_263' title='bbox 1435 3885 1536 3950; x_wconf 85' lang='lat' dir='ltr'>etiam</span> <span class='ocrx_word' id='word_1_264' title='bbox 1563 3885 1681 3974; x_wconf 77' lang='lat' dir='ltr'>(inuito</span> <span class='ocrx_word' id='word_1_265' title='bbox 1710 3887 1879 3975; x_wconf 91' lang='lat' dir='ltr'>Lucretio)</span> 
     </span>
     <span class='ocr_line' id='line_1_27' title="bbox 477 3991 712 4072; baseline 0.013 -21"><span class='ocrx_word' id='word_1_266' title='bbox 477 3991 570 4072; x_wconf 91' lang='lat' dir='ltr'>pium</span> <span class='ocrx_word' id='word_1_267' title='bbox 589 3992 712 4063; x_wconf 86' lang='lat' dir='ltr'>dicunt.</span> 
     </span>
    </p>

    <p class='ocr_par' dir='ltr' id='par_1_6' title="bbox 636 4079 1615 4254">
     <span class='ocr_line' id='line_1_28' title="bbox 636 4079 1423 4153; baseline 0.008 -19"><span class='ocrx_word' id='word_1_268' title='bbox 636 4093 639 4098; x_wconf 89' lang='lat'>·</span> <span class='ocrx_word' id='word_1_269' title='bbox 968 4082 1141 4136; x_wconf 88' lang='lat' dir='ltr'>‘——cum</span> <span class='ocrx_word' id='word_1_270' title='bbox 1162 4079 1290 4139; x_wconf 85' lang='lat' dir='ltr'>maxima</span> <span class='ocrx_word' id='word_1_271' title='bbox 1312 4082 1423 4153; x_wconf 90' lang='lat' dir='ltr'>mundi,</span> 
     </span>
     <span class='ocr_line' id='line_1_29' title="bbox 746 4176 1615 4254; baseline 0.01 -19"><span class='ocrx_word' id='word_1_272' title='bbox 746 4176 899 4252; x_wconf 86' lang='lat' dir='ltr'>‘Pugnent</span> <span class='ocrx_word' id='word_1_273' title='bbox 919 4176 1059 4248; x_wconf 87' lang='lat' dir='ltr'>membra,</span> <span class='ocrx_word' id='word_1_274' title='bbox 1080 4176 1131 4253; x_wconf 93' lang='lat' dir='ltr'>pio</span> <span class='ocrx_word' id='word_1_275' title='bbox 1151 4194 1337 4254; x_wconf 89' lang='lat' dir='ltr'>nequaquam</span> <span class='ocrx_word' id='word_1_276' title='bbox 1359 4181 1473 4241; x_wconf 89' lang='lat' dir='ltr'>concita</span> <span class='ocrx_word' id='word_1_277' title='bbox 1495 4182 1615 4244; x_wconf 85' lang='lat' dir='ltr'>bello¹⁰.&#39;</span> 
     </span>
    </p>
   </div>
   <div class='ocr_carea' id='block_1_6' title="bbox 480 4307 1874 4688">
    <p class='ocr_par' dir='ltr' id='par_1_7' title="bbox 480 4307 1874 4688">
     <span class='ocr_line' id='line_1_30' title="bbox 480 4307 1874 4337; baseline 0.011 -18"><span class='ocrx_word' id='word_1_278' title='bbox 480 4307 1874 4337; x_wconf 49' lang='grc' dir='ltr'><em>Ἣ</em></span> 
     </span>
     <span class='ocr_line' id='line_1_31' title="bbox 541 4365 1812 4446; baseline 0.012 -30"><span class='ocrx_word' id='word_1_279' title='bbox 541 4365 728 4432; x_wconf 81' lang='lat' dir='ltr'>¹c.r.r.q.n.</span> <span class='ocrx_word' id='word_1_280' title='bbox 826 4365 1101 4418; x_wconf 76' lang='lat' dir='ltr'>&#39;CiendeOffito</span> <span class='ocrx_word' id='word_1_281' title='bbox 1208 4369 1812 4446; x_wconf 71' lang='lat' dir='ltr'>³l.ult.quise.co.(D.a.8)etcan.aa.q.4</span> 
     </span>
     <span class='ocr_line' id='line_1_32' title="bbox 808 4446 1551 4520; baseline 0.017 -24"><span class='ocrx_word' id='word_1_282' title='bbox 808 4446 818 4476; x_wconf 86' lang='lat'><strong>⁴</strong></span> <span class='ocrx_word' id='word_1_283' title='bbox 835 4447 889 4500; x_wconf 76' lang='lat' dir='ltr'>Bal.</span> <span class='ocrx_word' id='word_1_284' title='bbox 902 4461 925 4510; x_wconf 79' lang='lat'>3.</span> <span class='ocrx_word' id='word_1_285' title='bbox 938 4463 1006 4498; x_wconf 89' lang='lat' dir='ltr'>cons.</span> <span class='ocrx_word' id='word_1_286' title='bbox 1019 4461 1075 4511; x_wconf 78' lang='lat'>313.</span> <span class='ocrx_word' id='word_1_287' title='bbox 1088 4459 1145 4512; x_wconf 81' lang='lat'>371.</span> <span class='ocrx_word' id='word_1_288' title='bbox 1287 4451 1297 4480; x_wconf 80' lang='lat'>⁵</span> <span class='ocrx_word' id='word_1_289' title='bbox 1313 4453 1368 4506; x_wconf 80' lang='lat' dir='ltr'>Bal.</span> <span class='ocrx_word' id='word_1_290' title='bbox 1382 4467 1404 4505; x_wconf 89' lang='lat' dir='ltr'>r.</span> <span class='ocrx_word' id='word_1_291' title='bbox 1415 4470 1483 4509; x_wconf 84' lang='lat' dir='ltr'>cons.</span> <span class='ocrx_word' id='word_1_292' title='bbox 1495 4458 1551 4520; x_wconf 80' lang='lat'>3²⁶·</span> 
     </span>
     <span class='ocr_line' id='line_1_33' title="bbox 506 4529 1845 4610; baseline 0.014 -31"><span class='ocrx_word' id='word_1_293' title='bbox 506 4529 987 4595; x_wconf 71' lang='lat' dir='ltr'>‘l.1o.14deiniusuoc.(D.2.4).</span> <span class='ocrx_word' id='word_1_294' title='bbox 1091 4529 1314 4599; x_wconf 78' lang='lat' dir='ltr'>&#39;Matth.1o.r3.</span> <span class='ocrx_word' id='word_1_295' title='bbox 1416 4537 1459 4590; x_wconf 83' lang='lat'>¹1.</span> <span class='ocrx_word' id='word_1_296' title='bbox 1473 4541 1687 4607; x_wconf 70' lang='lat' dir='ltr'>inquietiqui.</span> <span class='ocrx_word' id='word_1_297' title='bbox 1699 4544 1744 4604; x_wconf 92' lang='lat' dir='ltr'>(D.</span> <span class='ocrx_word' id='word_1_298' title='bbox 1756 4560 1796 4608; x_wconf 82' lang='lat'>40.</span> <span class='ocrx_word' id='word_1_299' title='bbox 1808 4545 1845 4610; x_wconf 89' lang='lat'>9).</span> 
     </span>
     <span class='ocr_line' id='line_1_34' title="bbox 702 4613 1649 4688; baseline 0.014 -26"><span class='ocrx_word' id='word_1_300' title='bbox 702 4613 805 4663; x_wconf 69' lang='lat' dir='ltr'>’Arist</span> <span class='ocrx_word' id='word_1_301' title='bbox 820 4614 852 4664; x_wconf 89' lang='lat' dir='ltr'>de</span> <span class='ocrx_word' id='word_1_302' title='bbox 863 4613 931 4672; x_wconf 84' lang='lat' dir='ltr'>Mu;</span> <span class='ocrx_word' id='word_1_303' title='bbox 944 4613 1008 4665; x_wconf 90' lang='lat' dir='ltr'>Phil.</span> <span class='ocrx_word' id='word_1_304' title='bbox 1020 4614 1089 4679; x_wconf 88' lang='lat' dir='ltr'>quod</span> <span class='ocrx_word' id='word_1_305' title='bbox 1099 4629 1150 4666; x_wconf 88' lang='lat' dir='ltr'>mu.</span> <span class='ocrx_word' id='word_1_306' title='bbox 1161 4615 1193 4666; x_wconf 87' lang='lat' dir='ltr'>sit</span> <span class='ocrx_word' id='word_1_307' title='bbox 1204 4614 1248 4665; x_wconf 88' lang='lat' dir='ltr'>im.</span> <span class='ocrx_word' id='word_1_308' title='bbox 1379 4617 1397 4648; x_wconf 78' lang='lat'>²⁰</span> <span class='ocrx_word' id='word_1_309' title='bbox 1413 4619 1485 4672; x_wconf 87' lang='lat' dir='ltr'>anr.</span> <span class='ocrx_word' id='word_1_310' title='bbox 1499 4623 1544 4672; x_wconf 92' lang='lat' dir='ltr'>lib.</span> <span class='ocrx_word' id='word_1_311' title='bbox 1557 4638 1580 4688; x_wconf 80' lang='lat'>5.</span> <span class='ocrx_word' id='word_1_312' title='bbox 1593 4624 1649 4687; x_wconf 79' lang='lat'>381.</span> 
     </span>
    </p>
   </div>
   <div class='ocr_carea' id='block_1_7' title="bbox 0 0 2232 5566">
    <p class='ocr_par' dir='ltr' id='par_1_8' title="bbox 0 0 2232 5566">
     <span class='ocr_line' id='line_1_35' title="bbox 0 0 2232 5566; baseline 0 8"><span class='ocrx_word' id='word_1_313' title='bbox 0 0 2232 5566; x_wconf 95' lang='lat' dir='ltr'> </span> 
     </span>
    </p>
   </div>
  </div>
 </body>
</html>
