<?xml version="1.0" encoding="UTF-8"?>
<!DOCTYPE html PUBLIC "-//W3C//DTD XHTML 1.0 Transitional//EN"
    "http://www.w3.org/TR/xhtml1/DTD/xhtml1-transitional.dtd">
<html xmlns="http://www.w3.org/1999/xhtml" xml:lang="en" lang="en">
 <head>
  <title>
</title>
<meta http-equiv="Content-Type" content="text/html;charset=utf-8" />
  <meta name='ocr-system' content='tesseract 3.04.00' />
  <meta name='ocr-capabilities' content='ocr_page ocr_carea ocr_par ocr_line ocrx_word'/>
</head>
<body>
  <div class='ocr_page' id='page_1' title='image "albericigentili01gentgoog_0011.png"; bbox 0 0 4456 5566; ppageno 0'>
   <div class='ocr_carea' id='block_1_1' title="bbox 455 711 1365 868">
    <p class='ocr_par' dir='ltr' id='par_1_1' title="bbox 455 711 1365 868">
     <span class='ocr_line' id='line_1_1' title="bbox 455 711 1365 868; baseline -0.003 -36"><span class='ocrx_word' id='word_1_1' title='bbox 455 711 493 832; x_wconf 69' lang='lat' dir='ltr'>¹vt</span> <span class='ocrx_word' id='word_1_2' title='bbox 959 761 1365 868; x_wconf 53' lang='lat' dir='ltr'>anabasim.</span> 
     </span>
    </p>
   </div>
   <div class='ocr_carea' id='block_1_2' title="bbox 457 997 1911 3636">
    <p class='ocr_par' dir='ltr' id='par_1_2' title="bbox 461 997 1911 1637">
     <span class='ocr_line' id='line_1_2' title="bbox 461 997 1858 1103; baseline -0.004 -26"><span class='ocrx_word' id='word_1_3' title='bbox 461 1002 695 1103; x_wconf 91' lang='lat' dir='ltr'>subiungere.</span> <span class='ocrx_word' id='word_1_4' title='bbox 722 1089 724 1092; x_wconf 42' lang='grc'><strong>,</strong></span> <span class='ocrx_word' id='word_1_5' title='bbox 750 1003 903 1102; x_wconf 85' lang='lat' dir='ltr'>Longus</span> <span class='ocrx_word' id='word_1_6' title='bbox 929 1017 1009 1077; x_wconf 88' lang='lat' dir='ltr'>erat</span> <span class='ocrx_word' id='word_1_7' title='bbox 1036 1017 1075 1076; x_wconf 93' lang='lat' dir='ltr'>et</span> <span class='ocrx_word' id='word_1_8' title='bbox 1105 1001 1295 1099; x_wconf 85' lang='lat' dir='ltr'>insipidus,</span> <span class='ocrx_word' id='word_1_9' title='bbox 1322 1002 1390 1076; x_wconf 93' lang='lat' dir='ltr'>sed</span> <span class='ocrx_word' id='word_1_10' title='bbox 1416 1026 1491 1076; x_wconf 94' lang='lat' dir='ltr'>non</span> <span class='ocrx_word' id='word_1_11' title='bbox 1517 999 1714 1074; x_wconf 88' lang='lat' dir='ltr'>euitandus</span> <span class='ocrx_word' id='word_1_12' title='bbox 1743 997 1858 1083; x_wconf 87' lang='lat' dir='ltr'>labor,</span> 
     </span>
     <span class='ocr_line' id='line_1_3' title="bbox 461 1131 1858 1234; baseline -0.005 -23"><span class='ocrx_word' id='word_1_13' title='bbox 461 1136 566 1212; x_wconf 89' lang='lat' dir='ltr'>cuius</span> <span class='ocrx_word' id='word_1_14' title='bbox 583 1154 709 1213; x_wconf 88' lang='lat' dir='ltr'>tarnen</span> <span class='ocrx_word' id='word_1_15' title='bbox 727 1137 885 1213; x_wconf 88' lang='lat' dir='ltr'><strong>similem</strong></span> <span class='ocrx_word' id='word_1_16' title='bbox 899 1163 973 1234; x_wconf 82' lang='lat' dir='ltr'>non</span> <span class='ocrx_word' id='word_1_17' title='bbox 987 1153 1049 1211; x_wconf 88' lang='lat' dir='ltr'>est·</span> <span class='ocrx_word' id='word_1_18' title='bbox 1059 1135 1281 1234; x_wconf 87' lang='lat' dir='ltr'>dedignatus</span> <span class='ocrx_word' id='word_1_19' title='bbox 1295 1135 1469 1234; x_wconf 86' lang='lat' dir='ltr'>egregius</span> <span class='ocrx_word' id='word_1_20' title='bbox 1483 1134 1543 1209; x_wconf 92' lang='lat' dir='ltr'>ille</span> <span class='ocrx_word' id='word_1_21' title='bbox 1559 1135 1826 1231; x_wconf 90' lang='lat' dir='ltr'>Barbeyracius</span> <span class='ocrx_word' id='word_1_22' title='bbox 1837 1131 1858 1204; x_wconf 87' lang='lat'>¹.</span> 
     </span>
     <span class='ocr_line' id='line_1_4' title="bbox 476 1245 1859 1368; baseline -0.003 -25"><span class='ocrx_word' id='word_1_23' title='bbox 476 1271 484 1294; x_wconf 83' lang='lat'>’</span> <span class='ocrx_word' id='word_1_24' title='bbox 513 1270 683 1366; x_wconf 91' lang='lat' dir='ltr'>Operum</span> <span class='ocrx_word' id='word_1_25' title='bbox 700 1296 851 1368; x_wconf 91' lang='lat' dir='ltr'>quoque</span> <span class='ocrx_word' id='word_1_26' title='bbox 873 1245 1257 1368; x_wconf 34' lang='lat' dir='ltr'>citatorum-quorum</span> <span class='ocrx_word' id='word_1_27' title='bbox 1276 1294 1352 1343; x_wconf 93' lang='lat' dir='ltr'>non</span> <span class='ocrx_word' id='word_1_28' title='bbox 1376 1293 1577 1364; x_wconf 88' lang='lat' dir='ltr'>paucorum</span> <span class='ocrx_word' id='word_1_29' title='bbox 1599 1267 1712 1342; x_wconf 92' lang='lat' dir='ltr'>hodie</span> <span class='ocrx_word' id='word_1_30' title='bbox 1730 1292 1778 1340; x_wconf 93' lang='lat' dir='ltr'>ne</span> <span class='ocrx_word' id='word_1_31' title='bbox 1796 1290 1859 1339; x_wconf 92' lang='lat' dir='ltr'>no-</span> 
     </span>
     <span class='ocr_line' id='line_1_5' title="bbox 461 1395 1911 1510; baseline -0.007 -34"><span class='ocrx_word' id='word_1_32' title='bbox 461 1403 562 1476; x_wconf 84' lang='lat' dir='ltr'>mina</span> <span class='ocrx_word' id='word_1_33' title='bbox 587 1404 738 1501; x_wconf 92' lang='lat' dir='ltr'>quidem</span> <span class='ocrx_word' id='word_1_34' title='bbox 763 1402 942 1478; x_wconf 90' lang='lat' dir='ltr'>memoria</span> <span class='ocrx_word' id='word_1_35' title='bbox 967 1403 1221 1510; x_wconf 80' lang='lat' dir='ltr'>adseruantur‚</span> <span class='ocrx_word' id='word_1_36' title='bbox 1241 1395 1381 1476; x_wconf 84' lang='lat' dir='ltr'>confeci</span> <span class='ocrx_word' id='word_1_37' title='bbox 1406 1400 1573 1487; x_wconf 91' lang='lat' dir='ltr'>indicem,</span> <span class='ocrx_word' id='word_1_38' title='bbox 1591 1426 1705 1497; x_wconf 90' lang='lat' dir='ltr'>quem</span> <span class='ocrx_word' id='word_1_39' title='bbox 1731 1397 1859 1472; x_wconf 89' lang='lat' dir='ltr'>utilem</span> <span class='ocrx_word' id='word_1_40' title='bbox 1905 1453 1911 1466; x_wconf 88' lang='lat'><strong>.</strong></span> 
     </span>
     <span class='ocr_line' id='line_1_6' title="bbox 462 1533 1830 1637; baseline -0.002 -29"><span class='ocrx_word' id='word_1_41' title='bbox 462 1535 626 1609; x_wconf 86' lang='lat' dir='ltr'>futurum</span> <span class='ocrx_word' id='word_1_42' title='bbox 644 1563 727 1611; x_wconf 92' lang='lat' dir='ltr'>esse</span> <span class='ocrx_word' id='word_1_43' title='bbox 745 1562 855 1634; x_wconf 90' lang='lat' dir='ltr'>spero</span> <span class='ocrx_word' id='word_1_44' title='bbox 874 1537 922 1610; x_wconf 87' lang='lat' dir='ltr'>ad</span> <span class='ocrx_word' id='word_1_45' title='bbox 935 1533 1050 1637; x_wconf 84' lang='lat' dir='ltr'>¹ueros</span> <span class='ocrx_word' id='word_1_46' title='bbox 1068 1534 1244 1610; x_wconf 84' lang='lat' dir='ltr'>scientiae</span> <span class='ocrx_word' id='word_1_47' title='bbox 1263 1551 1413 1610; x_wconf 89' lang='lat' dir='ltr'>nostrae</span> <span class='ocrx_word' id='word_1_48' title='bbox 1430 1534 1680 1632; x_wconf 88' lang='lat' dir='ltr'>exquirendos</span> <span class='ocrx_word' id='word_1_49' title='bbox 1698 1534 1830 1607; x_wconf 82' lang='lat' dir='ltr'>fontes</span> 
     </span>
    </p>

    <p class='ocr_par' dir='ltr' id='par_1_3' title="bbox 457 1647 1859 3088">
     <span class='ocr_line' id='line_1_7' title="bbox 512 1647 1858 1764; baseline -0.001 -22"><span class='ocrx_word' id='word_1_50' title='bbox 512 1669 678 1743; x_wconf 86' lang='lat' dir='ltr'>Textum</span> <span class='ocrx_word' id='word_1_51' title='bbox 697 1647 871 1745; x_wconf 89' lang='lat' dir='ltr'>editionis</span> <span class='ocrx_word' id='word_1_52' title='bbox 889 1671 975 1742; x_wconf 87' lang='lat' dir='ltr'>anni</span> <span class='ocrx_word' id='word_1_53' title='bbox 995 1692 1130 1744; x_wconf 84' lang='lat' dir='ltr'>Mocxrr</span> <span class='ocrx_word' id='word_1_54' title='bbox 1148 1694 1231 1741; x_wconf 91' lang='lat' dir='ltr'>sum</span> <span class='ocrx_word' id='word_1_55' title='bbox 1253 1684 1422 1754; x_wconf 90' lang='lat' dir='ltr'>secutus;</span> <span class='ocrx_word' id='word_1_56' title='bbox 1450 1667 1487 1741; x_wconf 93' lang='lat' dir='ltr'>in</span> <span class='ocrx_word' id='word_1_57' title='bbox 1505 1692 1581 1764; x_wconf 96' lang='lat' dir='ltr'>quo</span> <span class='ocrx_word' id='word_1_58' title='bbox 1600 1665 1688 1739; x_wconf 90' lang='lat' dir='ltr'>nihil</span> <span class='ocrx_word' id='word_1_59' title='bbox 1707 1668 1858 1752; x_wconf 88' lang='lat' dir='ltr'>mutaui,</span> 
     </span>
     <span class='ocr_line' id='line_1_8' title="bbox 461 1779 1859 1914; baseline 0 -40"><span class='ocrx_word' id='word_1_60' title='bbox 461 1801 530 1876; x_wconf 92' lang='lat' dir='ltr'>nisi</span> <span class='ocrx_word' id='word_1_61' title='bbox 564 1803 666 1900; x_wconf 93' lang='lat' dir='ltr'>quod</span> <span class='ocrx_word' id='word_1_62' title='bbox 709 1802 820 1899; x_wconf 83' lang='lat' dir='ltr'>preli&#39;</span> <span class='ocrx_word' id='word_1_63' title='bbox 844 1829 988 1878; x_wconf 92' lang='lat' dir='ltr'>errores</span> <span class='ocrx_word' id='word_1_64' title='bbox 1033 1779 1248 1914; x_wconf 83' lang='lat' dir='ltr'>innumeros¹</span> <span class='ocrx_word' id='word_1_65' title='bbox 1289 1779 1417 1875; x_wconf 75' lang='lat' dir='ltr'>tacite¹</span> <span class='ocrx_word' id='word_1_66' title='bbox 1444 1802 1596 1888; x_wconf 86' lang='lat' dir='ltr'>correxi,</span> <span class='ocrx_word' id='word_1_67' title='bbox 1641 1818 1859 1898; x_wconf 91' lang='lat' dir='ltr'>perpetuam</span> 
     </span>
     <span class='ocr_line' id='line_1_9' title="bbox 459 1933 1857 2036; baseline -0.004 -24"><span class='ocrx_word' id='word_1_68' title='bbox 459 1938 668 2036; x_wconf 85' lang='lat' dir='ltr'>argumenti</span> <span class='ocrx_word' id='word_1_69' title='bbox 687 1939 831 2025; x_wconf 90' lang='lat' dir='ltr'>seriem,</span> <span class='ocrx_word' id='word_1_70' title='bbox 851 1961 926 2033; x_wconf 95' lang='lat' dir='ltr'>quo</span> <span class='ocrx_word' id='word_1_71' title='bbox 945 1936 1063 2034; x_wconf 86' lang='lat' dir='ltr'>magis</span> <span class='ocrx_word' id='word_1_72' title='bbox 1082 1933 1284 2009; x_wconf 90' lang='lat' dir='ltr'>lucesceret</span> <span class='ocrx_word' id='word_1_73' title='bbox 1302 1935 1483 2010; x_wconf 83' lang='lat' dir='ltr'>&#39;sermonis</span> <span class='ocrx_word' id='word_1_74' title='bbox 1501 1936 1606 2020; x_wconf 88' lang='lat' dir='ltr'>rati0,</span> <span class='ocrx_word' id='word_1_75' title='bbox 1627 1936 1664 2007; x_wconf 94' lang='lat' dir='ltr'>in</span> <span class='ocrx_word' id='word_1_76' title='bbox 1682 1935 1857 2031; x_wconf 86' lang='lat' dir='ltr'>periodos</span> 
     </span>
     <span class='ocr_line' id='line_1_10' title="bbox 461 2067 1859 2166; baseline -0.003 -21"><span class='ocrx_word' id='word_1_77' title='bbox 461 2073 638 2146; x_wconf 90' lang='lat' dir='ltr'>discretas</span> <span class='ocrx_word' id='word_1_78' title='bbox 664 2071 819 2159; x_wconf 84' lang='lat' dir='ltr'>seiunxi,</span> <span class='ocrx_word' id='word_1_79' title='bbox 838 2085 1058 2166; x_wconf 88' lang='lat' dir='ltr'>punctorum</span> <span class='ocrx_word' id='word_1_80' title='bbox 1082 2069 1147 2142; x_wconf 88' lang='lat' dir='ltr'>uix</span> <span class='ocrx_word' id='word_1_81' title='bbox 1170 2067 1403 2143; x_wconf 89' lang='lat' dir='ltr'>tolerandam</span> <span class='ocrx_word' id='word_1_82' title='bbox 1428 2068 1711 2155; x_wconf 88' lang='lat' dir='ltr'>multitudinem,</span> <span class='ocrx_word' id='word_1_83' title='bbox 1730 2093 1859 2164; x_wconf 91' lang='lat' dir='ltr'>quarn·</span> 
     </span>
     <span class='ocr_line' id='line_1_11' title="bbox 460 2201 1859 2300; baseline -0.003 -21"><span class='ocrx_word' id='word_1_84' title='bbox 460 2207 518 2280; x_wconf 93' lang='lat' dir='ltr'>uis</span> <span class='ocrx_word' id='word_1_85' title='bbox 544 2204 709 2281; x_wconf 89' lang='lat' dir='ltr'>seculum</span> <span class='ocrx_word' id='word_1_86' title='bbox 736 2203 824 2278; x_wconf 94' lang='lat' dir='ltr'>illud</span> <span class='ocrx_word' id='word_1_87' title='bbox 850 2204 1067 2300; x_wconf 85' lang='lat' dir='ltr'>sapientem,</span> <span class='ocrx_word' id='word_1_88' title='bbox 1095 2204 1155 2276; x_wconf 94' lang='lat' dir='ltr'>hic</span> <span class='ocrx_word' id='word_1_89' title='bbox 1181 2201 1252 2276; x_wconf 92' lang='lat' dir='ltr'>illic</span> <span class='ocrx_word' id='word_1_90' title='bbox 1273 2230 1387 2277; x_wconf 92' lang='lat' dir='ltr'>ausus</span> <span class='ocrx_word' id='word_1_91' title='bbox 1414 2229 1495 2277; x_wconf 93' lang='lat' dir='ltr'>sum</span> <span class='ocrx_word' id='word_1_92' title='bbox 1523 2205 1697 2278; x_wconf 90' lang='lat' dir='ltr'>minuere.</span> <span class='ocrx_word' id='word_1_93' title='bbox 1723 2204 1859 2277; x_wconf 91' lang='lat' dir='ltr'>Latini·</span> 
     </span>
     <span class='ocr_line' id='line_1_12' title="bbox 459 2335 1858 2436; baseline -0.004 -21"><span class='ocrx_word' id='word_1_94' title='bbox 459 2355 575 2415; x_wconf 85' lang='lat' dir='ltr'>tatem</span> <span class='ocrx_word' id='word_1_95' title='bbox 611 2356 813 2436; x_wconf 79' lang='lat' dir='ltr'>qua&#39;usus</span> <span class='ocrx_word' id='word_1_96' title='bbox 852 2354 911 2411; x_wconf 93' lang='lat' dir='ltr'>est</span> <span class='ocrx_word' id='word_1_97' title='bbox 945 2335 1116 2425; x_wconf 81' lang='lat' dir='ltr'>Gentilis,</span> <span class='ocrx_word' id='word_1_98' title='bbox 1153 2362 1356 2435; x_wconf 90' lang='lat' dir='ltr'>numquam</span> <span class='ocrx_word' id='word_1_99' title='bbox 1392 2363 1466 2412; x_wconf 93' lang='lat' dir='ltr'>non</span> <span class='ocrx_word' id='word_1_100' title='bbox 1506 2337 1637 2410; x_wconf 90' lang='lat' dir='ltr'>duram</span> <span class='ocrx_word' id='word_1_101' title='bbox 1677 2353 1716 2411; x_wconf 92' lang='lat' dir='ltr'>et</span> <span class='ocrx_word' id='word_1_102' title='bbox 1750 2337 1858 2410; x_wconf 90' lang='lat' dir='ltr'>nimis</span> 
     </span>
     <span class='ocr_line' id='line_1_13' title="bbox 459 2469 1857 2570; baseline -0.003 -21"><span class='ocrx_word' id='word_1_103' title='bbox 459 2475 672 2560; x_wconf 75' lang='lat' dir='ltr'>remissam,</span> <span class='ocrx_word' id='word_1_104' title='bbox 694 2473 732 2547; x_wconf 94' lang='lat' dir='ltr'>in</span> <span class='ocrx_word' id='word_1_105' title='bbox 762 2469 947 2546; x_wconf 92' lang='lat' dir='ltr'>nonnullis</span> <span class='ocrx_word' id='word_1_106' title='bbox 981 2469 1081 2559; x_wconf 89' lang='lat' dir='ltr'>locis,</span> <span class='ocrx_word' id='word_1_107' title='bbox 1118 2470 1181 2545; x_wconf 93' lang='lat' dir='ltr'>ubi</span> <span class='ocrx_word' id='word_1_108' title='bbox 1212 2471 1302 2544; x_wconf 92' lang='lat' dir='ltr'>mihi</span> <span class='ocrx_word' id='word_1_109' title='bbox 1332 2472 1484 2569; x_wconf 90' lang='lat' dir='ltr'>quidem</span> <span class='ocrx_word' id='word_1_110' title='bbox 1520 2497 1669 2570; x_wconf 90' lang='lat' dir='ltr'>prorsus</span> <span class='ocrx_word' id='word_1_111' title='bbox 1704 2471 1857 2570; x_wconf 86' lang='lat' dir='ltr'>intelligi</span> 
     </span>
     <span class='ocr_line' id='line_1_14' title="bbox 461 2603 1000 2705; baseline -0.009 -23"><span class='ocrx_word' id='word_1_112' title='bbox 461 2636 536 2686; x_wconf 91' lang='lat' dir='ltr'>non</span> <span class='ocrx_word' id='word_1_113' title='bbox 562 2623 697 2705; x_wconf 86' lang='lat' dir='ltr'>potest,</span> <span class='ocrx_word' id='word_1_114' title='bbox 725 2603 836 2680; x_wconf 93' lang='lat' dir='ltr'>obelo</span> <span class='ocrx_word' id='word_1_115' title='bbox 862 2605 1000 2680; x_wconf 90' lang='lat' dir='ltr'>notaui.</span> 
     </span>
     <span class='ocr_line' id='line_1_15' title="bbox 458 2740 1857 2840; baseline -0.001 -23"><span class='ocrx_word' id='word_1_116' title='bbox 458 2781 461 2788; x_wconf 34' lang='lat' dir='ltr'>v</span> <span class='ocrx_word' id='word_1_117' title='bbox 514 2744 588 2817; x_wconf 88' lang='lat' dir='ltr'>His</span> <span class='ocrx_word' id='word_1_118' title='bbox 619 2740 844 2840; x_wconf 83' lang='lat' dir='ltr'>praemissis,</span> <span class='ocrx_word' id='word_1_119' title='bbox 872 2754 988 2813; x_wconf 88' lang='lat' dir='ltr'>restat</span> <span class='ocrx_word' id='word_1_120' title='bbox 1017 2740 1178 2814; x_wconf 90' lang='lat' dir='ltr'>auctoris</span> <span class='ocrx_word' id='word_1_121' title='bbox 1208 2742 1330 2816; x_wconf 91' lang='lat' dir='ltr'>adhuc</span> <span class='ocrx_word' id='word_1_122' title='bbox 1360 2767 1490 2838; x_wconf 89' lang='lat' dir='ltr'>parum</span> <span class='ocrx_word' id='word_1_123' title='bbox 1518 2743 1713 2816; x_wconf 89' lang='lat' dir='ltr'>memorati</span> <span class='ocrx_word' id='word_1_124' title='bbox 1740 2743 1857 2816; x_wconf 91' lang='lat' dir='ltr'>uitam</span> 
     </span>
     <span class='ocr_line' id='line_1_16' title="bbox 457 2873 1857 2976; baseline -0.004 -22"><span class='ocrx_word' id='word_1_125' title='bbox 457 2879 624 2954; x_wconf 88' lang='lat' dir='ltr'>breuiter</span> <span class='ocrx_word' id='word_1_126' title='bbox 649 2899 807 2961; x_wconf 85' lang='lat' dir='ltr'>narrare,</span> <span class='ocrx_word' id='word_1_127' title='bbox 835 2899 979 2950; x_wconf 89' lang='lat' dir='ltr'>necnon</span> <span class='ocrx_word' id='word_1_128' title='bbox 1003 2873 1127 2971; x_wconf 91' lang='lat' dir='ltr'>operis</span> <span class='ocrx_word' id='word_1_129' title='bbox 1157 2874 1220 2949; x_wconf 81' lang='lat' dir='ltr'>Da</span> <span class='ocrx_word' id='word_1_130' title='bbox 1249 2877 1345 2952; x_wconf 78' lang='lat' dir='ltr'>lune</span> <span class='ocrx_word' id='word_1_131' title='bbox 1373 2879 1488 2952; x_wconf 74' lang='lat' dir='ltr'>Bam</span> <span class='ocrx_word' id='word_1_132' title='bbox 1518 2877 1699 2976; x_wconf 88' lang='lat' dir='ltr'>originem</span> <span class='ocrx_word' id='word_1_133' title='bbox 1727 2893 1765 2951; x_wconf 93' lang='lat' dir='ltr'>et</span> <span class='ocrx_word' id='word_1_134' title='bbox 1786 2876 1857 2951; x_wconf 91' lang='lat' dir='ltr'>sor·</span> 
     </span>
     <span class='ocr_line' id='line_1_17' title="bbox 460 3010 806 3088; baseline -0.02 0"><span class='ocrx_word' id='word_1_135' title='bbox 460 3029 570 3088; x_wconf 90' lang='lat' dir='ltr'>tunas</span> <span class='ocrx_word' id='word_1_136' title='bbox 587 3010 806 3085; x_wconf 91' lang='lat' dir='ltr'>describere.</span> 
     </span>
    </p>

    <p class='ocr_par' dir='ltr' id='par_1_4' title="bbox 1033 3126 1335 3335">
     <span class='ocr_line' id='line_1_18' title="bbox 1145 3126 1173 3198; baseline 0.036 -1"><span class='ocrx_word' id='word_1_137' title='bbox 1145 3126 1173 3198; x_wconf 95' lang='grc' dir='ltr'>Ι.</span> 
     </span>
     <span class='ocr_line' id='line_1_19' title="bbox 1033 3259 1335 3335; baseline 0.01 -4"><span class='ocrx_word' id='word_1_138' title='bbox 1033 3259 1073 3332; x_wconf 86' lang='lat' dir='ltr'><em>A</em></span> <span class='ocrx_word' id='word_1_139' title='bbox 1080 3260 1206 3332; x_wconf 81' lang='lat' dir='ltr'>lbericz&#39;</span> <span class='ocrx_word' id='word_1_140' title='bbox 1236 3262 1335 3335; x_wconf 73' lang='lat' dir='ltr'>Uita.</span> 
     </span>
    </p>

    <p class='ocr_par' dir='ltr' id='par_1_5' title="bbox 512 3399 1854 3499">
     <span class='ocr_line' id='line_1_20' title="bbox 512 3399 1854 3499; baseline 0 -22"><span class='ocrx_word' id='word_1_141' title='bbox 512 3405 636 3477; x_wconf 90' lang='lat' dir='ltr'>Natus</span> <span class='ocrx_word' id='word_1_142' title='bbox 666 3417 724 3476; x_wconf 91' lang='lat' dir='ltr'>est</span> <span class='ocrx_word' id='word_1_143' title='bbox 752 3399 950 3474; x_wconf 88' lang='lat' dir='ltr'>Albericus</span> <span class='ocrx_word' id='word_1_144' title='bbox 981 3401 1041 3475; x_wconf 92' lang='lat' dir='ltr'>die</span> <span class='ocrx_word' id='word_1_145' title='bbox 1068 3402 1213 3476; x_wconf 92' lang='lat' dir='ltr'>decimo</span> <span class='ocrx_word' id='word_1_146' title='bbox 1243 3418 1378 3499; x_wconf 91' lang='lat' dir='ltr'>quarto</span> <span class='ocrx_word' id='word_1_147' title='bbox 1409 3403 1570 3478; x_wconf 87' lang='lat' dir='ltr'>Ianuarii</span> <span class='ocrx_word' id='word_1_148' title='bbox 1598 3406 1684 3477; x_wconf 91' lang='lat' dir='ltr'>anni</span> <span class='ocrx_word' id='word_1_149' title='bbox 1713 3406 1854 3491; x_wconf 68' lang='lat' dir='ltr'>notul,</span> 
     </span>
    </p>

    <p class='ocr_par' dir='ltr' id='par_1_6' title="bbox 458 3534 1856 3636">
     <span class='ocr_line' id='line_1_21' title="bbox 458 3534 1856 3636; baseline -0.003 -23"><span class='ocrx_word' id='word_1_150' title='bbox 458 3540 495 3613; x_wconf 91' lang='lat' dir='ltr'>in</span> <span class='ocrx_word' id='word_1_151' title='bbox 519 3537 658 3636; x_wconf 91' lang='lat' dir='ltr'>oppido</span> <span class='ocrx_word' id='word_1_152' title='bbox 687 3534 1009 3622; x_wconf 89' lang='lat' dir='ltr'>Sancto-Ginesio‚</span> <span class='ocrx_word' id='word_1_153' title='bbox 1036 3537 1186 3611; x_wconf 89' lang='lat' dir='ltr'>civitate</span> <span class='ocrx_word' id='word_1_154' title='bbox 1216 3535 1367 3611; x_wconf 82' lang='lat' dir='ltr'>Maroae</span> <span class='ocrx_word' id='word_1_155' title='bbox 1394 3538 1652 3612; x_wconf 86' lang='lat' dir='ltr'>Anconitanae</span> <span class='ocrx_word' id='word_1_156' title='bbox 1679 3539 1856 3635; x_wconf 88' lang='lat' dir='ltr'>antiquis-</span> 
     </span>
    </p>
   </div>
   <div class='ocr_carea' id='block_1_3' title="bbox 449 3779 1923 4746">
    <p class='ocr_par' dir='ltr' id='par_1_7' title="bbox 453 3779 1923 4527">
     <span class='ocr_line' id='line_1_22' title="bbox 497 3779 1856 3858; baseline 0.001 -19"><span class='ocrx_word' id='word_1_157' title='bbox 497 3782 506 3814; x_wconf 92' lang='lat'>¹</span> <span class='ocrx_word' id='word_1_158' title='bbox 529 3780 622 3841; x_wconf 88' lang='lat' dir='ltr'>‘Rem</span> <span class='ocrx_word' id='word_1_159' title='bbox 636 3798 729 3856; x_wconf 86' lang='lat' dir='ltr'>prope</span> <span class='ocrx_word' id='word_1_160' title='bbox 743 3779 878 3838; x_wconf 86' lang='lat' dir='ltr'>immensi</span> <span class='ocrx_word' id='word_1_161' title='bbox 893 3779 999 3838; x_wconf 91' lang='lat' dir='ltr'>laboris</span> <span class='ocrx_word' id='word_1_162' title='bbox 1019 3779 1174 3855; x_wconf 87' lang='lat' dir='ltr'>adgressus</span> <span class='ocrx_word' id='word_1_163' title='bbox 1194 3799 1260 3840; x_wconf 93' lang='lat' dir='ltr'>sum</span> <span class='ocrx_word' id='word_1_164' title='bbox 1283 3825 1289 3838; x_wconf 94' lang='lat'><em>.</em></span> <span class='ocrx_word' id='word_1_165' title='bbox 1313 3824 1319 3839; x_wconf 91' lang='lat'><strong>.</strong></span> <span class='ocrx_word' id='word_1_166' title='bbox 1343 3825 1349 3838; x_wconf 93' lang='lat'><strong><em>.</em></strong></span> <span class='ocrx_word' id='word_1_167' title='bbox 1371 3789 1402 3838; x_wconf 90' lang='lat' dir='ltr'>ut</span> <span class='ocrx_word' id='word_1_168' title='bbox 1417 3781 1551 3838; x_wconf 87' lang='lat' dir='ltr'>nimirum</span> <span class='ocrx_word' id='word_1_169' title='bbox 1570 3781 1669 3840; x_wconf 86' lang='lat' dir='ltr'>omnia</span> <span class='ocrx_word' id='word_1_170' title='bbox 1683 3781 1749 3840; x_wconf 89' lang='lat' dir='ltr'>loca</span> <span class='ocrx_word' id='word_1_171' title='bbox 1766 3782 1856 3858; x_wconf 89' lang='lat' dir='ltr'>scrip·</span> 
     </span>
     <span class='ocr_line' id='line_1_23' title="bbox 456 3876 1856 3958; baseline -0.001 -20"><span class='ocrx_word' id='word_1_172' title='bbox 456 3889 553 3938; x_wconf 90' lang='lat' dir='ltr'>torum</span> <span class='ocrx_word' id='word_1_173' title='bbox 572 3897 647 3954; x_wconf 85' lang='lat' dir='ltr'>quae</span> <span class='ocrx_word' id='word_1_174' title='bbox 664 3879 702 3935; x_wconf 88' lang='lat' dir='ltr'>ab</span> <span class='ocrx_word' id='word_1_175' title='bbox 721 3887 839 3936; x_wconf 88' lang='lat' dir='ltr'>auctore</span> <span class='ocrx_word' id='word_1_176' title='bbox 858 3887 958 3936; x_wconf 89' lang='lat' dir='ltr'>nostro</span> <span class='ocrx_word' id='word_1_177' title='bbox 979 3876 1147 3937; x_wconf 87' lang='lat' dir='ltr'>adferuntur</span> <span class='ocrx_word' id='word_1_178' title='bbox 1161 3889 1211 3937; x_wconf 88' lang='lat' dir='ltr'>aut</span> <span class='ocrx_word' id='word_1_179' title='bbox 1230 3877 1403 3948; x_wconf 90' lang='lat' dir='ltr'>indicantur,</span> <span class='ocrx_word' id='word_1_180' title='bbox 1420 3877 1450 3936; x_wconf 89' lang='lat' dir='ltr'>in</span> <span class='ocrx_word' id='word_1_181' title='bbox 1471 3878 1541 3955; x_wconf 89' lang='lat' dir='ltr'>ipsis</span> <span class='ocrx_word' id='word_1_182' title='bbox 1562 3877 1699 3951; x_wconf 86' lang='lat' dir='ltr'>lontibus,</span> <span class='ocrx_word' id='word_1_183' title='bbox 1714 3889 1856 3958; x_wconf 85' lang='lat' dir='ltr'>quantum</span> 
     </span>
     <span class='ocr_line' id='line_1_24' title="bbox 456 3974 1856 4054; baseline 0.001 -19"><span class='ocrx_word' id='word_1_184' title='bbox 456 3976 517 4035; x_wconf 87' lang='lat' dir='ltr'>lieri</span> <span class='ocrx_word' id='word_1_185' title='bbox 532 3985 638 4052; x_wconf 87' lang='lat' dir='ltr'>posset,</span> <span class='ocrx_word' id='word_1_186' title='bbox 654 3992 830 4051; x_wconf 88' lang='lat' dir='ltr'>quaererem.</span> <span class='ocrx_word' id='word_1_187' title='bbox 849 4020 855 4033; x_wconf 93' lang='lat'><em>.</em></span> <span class='ocrx_word' id='word_1_188' title='bbox 872 4018 878 4033; x_wconf 92' lang='lat'>.</span> <span class='ocrx_word' id='word_1_189' title='bbox 894 4018 901 4033; x_wconf 91' lang='lat'><strong>.</strong></span> <span class='ocrx_word' id='word_1_190' title='bbox 944 3974 1120 4050; x_wconf 86' lang='lat' dir='ltr'>Saepissime</span> <span class='ocrx_word' id='word_1_191' title='bbox 1135 3985 1232 4036; x_wconf 83' lang='lat' dir='ltr'>autem</span> <span class='ocrx_word' id='word_1_192' title='bbox 1246 3987 1347 4036; x_wconf 85' lang='lat' dir='ltr'>auctor</span> <span class='ocrx_word' id='word_1_193' title='bbox 1360 3977 1438 4036; x_wconf 92' lang='lat' dir='ltr'>unde</span> <span class='ocrx_word' id='word_1_194' title='bbox 1452 3975 1561 4054; x_wconf 86' lang='lat' dir='ltr'>aliquid</span> <span class='ocrx_word' id='word_1_195' title='bbox 1575 3978 1680 4054; x_wconf 88' lang='lat' dir='ltr'>petitur</span> <span class='ocrx_word' id='word_1_196' title='bbox 1690 3978 1856 4054; x_wconf 89' lang='lat' dir='ltr'>simpliciter</span> 
     </span>
     <span class='ocr_line' id='line_1_25' title="bbox 456 4073 1854 4152; baseline -0.001 -18"><span class='ocrx_word' id='word_1_197' title='bbox 456 4073 577 4134; x_wconf 90' lang='lat' dir='ltr'>nomine</span> <span class='ocrx_word' id='word_1_198' title='bbox 595 4090 650 4132; x_wconf 82' lang='lat' dir='ltr'>suo</span> <span class='ocrx_word' id='word_1_199' title='bbox 665 4073 853 4144; x_wconf 86' lang='lat' dir='ltr'>indicabatur,</span> <span class='ocrx_word' id='word_1_200' title='bbox 869 4073 947 4131; x_wconf 84' lang='lat' dir='ltr'>nulla</span> <span class='ocrx_word' id='word_1_201' title='bbox 961 4073 1109 4133; x_wconf 89' lang='lat' dir='ltr'>mentione</span> <span class='ocrx_word' id='word_1_202' title='bbox 1130 4073 1207 4133; x_wconf 83' lang='lat' dir='ltr'>sacta</span> <span class='ocrx_word' id='word_1_203' title='bbox 1227 4075 1332 4151; x_wconf 91' lang='lat' dir='ltr'>operis,</span> <span class='ocrx_word' id='word_1_204' title='bbox 1348 4075 1419 4148; x_wconf 90' lang='lat' dir='ltr'>libri,</span> <span class='ocrx_word' id='word_1_205' title='bbox 1435 4074 1544 4133; x_wconf 92' lang='lat' dir='ltr'>nedum</span> <span class='ocrx_word' id='word_1_206' title='bbox 1559 4075 1660 4152; x_wconf 86' lang='lat' dir='ltr'>capitis</span> <span class='ocrx_word' id='word_1_207' title='bbox 1678 4085 1727 4134; x_wconf 86' lang='lat' dir='ltr'>aut</span> <span class='ocrx_word' id='word_1_208' title='bbox 1744 4093 1854 4135; x_wconf 86' lang='lat' dir='ltr'>uersus.</span> 
     </span>
     <span class='ocr_line' id='line_1_26' title="bbox 454 4170 1855 4250; baseline -0.001 -18"><span class='ocrx_word' id='word_1_209' title='bbox 454 4171 623 4247; x_wconf 87' lang='lat' dir='ltr'>Aliquando</span> <span class='ocrx_word' id='word_1_210' title='bbox 644 4170 790 4248; x_wconf 91' lang='lat' dir='ltr'>equidem,</span> <span class='ocrx_word' id='word_1_211' title='bbox 811 4171 859 4228; x_wconf 88' lang='lat' dir='ltr'>uel</span> <span class='ocrx_word' id='word_1_212' title='bbox 879 4189 916 4229; x_wconf 85' lang='lat' dir='ltr'>ex</span> <span class='ocrx_word' id='word_1_213' title='bbox 938 4172 1089 4244; x_wconf 72' lang='lat' dir='ltr'>indicibus</span> <span class='ocrx_word' id='word_1_214' title='bbox 1108 4173 1156 4232; x_wconf 92' lang='lat' dir='ltr'>uel</span> <span class='ocrx_word' id='word_1_215' title='bbox 1177 4192 1214 4232; x_wconf 83' lang='lat' dir='ltr'>ex</span> <span class='ocrx_word' id='word_1_216' title='bbox 1235 4175 1376 4233; x_wconf 88' lang='lat' dir='ltr'>memoria</span> <span class='ocrx_word' id='word_1_217' title='bbox 1397 4183 1505 4245; x_wconf 88' lang='lat' dir='ltr'>nostra,</span> <span class='ocrx_word' id='word_1_218' title='bbox 1521 4174 1568 4232; x_wconf 92' lang='lat' dir='ltr'>uel</span> <span class='ocrx_word' id='word_1_219' title='bbox 1589 4193 1626 4233; x_wconf 88' lang='lat' dir='ltr'>ex</span> <span class='ocrx_word' id='word_1_220' title='bbox 1647 4192 1678 4232; x_wconf 88' lang='lat' dir='ltr'>re</span> <span class='ocrx_word' id='word_1_221' title='bbox 1699 4173 1771 4250; x_wconf 83' lang='lat' dir='ltr'>ipsa,</span> <span class='ocrx_word' id='word_1_222' title='bbox 1789 4173 1855 4232; x_wconf 89' lang='lat' dir='ltr'>loca</span> 
     </span>
     <span class='ocr_line' id='line_1_27' title="bbox 454 4267 1855 4351; baseline 0 -23"><span class='ocrx_word' id='word_1_223' title='bbox 454 4269 600 4346; x_wconf 86' lang='lat' dir='ltr'>quaedam</span> <span class='ocrx_word' id='word_1_224' title='bbox 614 4268 692 4327; x_wconf 89' lang='lat' dir='ltr'>haud</span> <span class='ocrx_word' id='word_1_225' title='bbox 707 4270 747 4327; x_wconf 86' lang='lat' dir='ltr'>ita</span> <span class='ocrx_word' id='word_1_226' title='bbox 760 4267 911 4328; x_wconf 89' lang='lat' dir='ltr'>difficulter</span> <span class='ocrx_word' id='word_1_227' title='bbox 925 4271 1073 4346; x_wconf 90' lang='lat' dir='ltr'>potuimus</span> <span class='ocrx_word' id='word_1_228' title='bbox 1087 4271 1226 4332; x_wconf 87' lang='lat' dir='ltr'>inuenire.</span> <span class='ocrx_word' id='word_1_229' title='bbox 1270 4271 1328 4332; x_wconf 90' lang='lat' dir='ltr'>Sed</span> <span class='ocrx_word' id='word_1_230' title='bbox 1343 4273 1513 4351; x_wconf 88' lang='lat' dir='ltr'>plerumque</span> <span class='ocrx_word' id='word_1_231' title='bbox 1527 4271 1595 4331; x_wconf 91' lang='lat' dir='ltr'>inde</span> <span class='ocrx_word' id='word_1_232' title='bbox 1610 4270 1681 4330; x_wconf 89' lang='lat' dir='ltr'>nihil</span> <span class='ocrx_word' id='word_1_233' title='bbox 1695 4273 1781 4331; x_wconf 92' lang='lat' dir='ltr'>nobis</span> <span class='ocrx_word' id='word_1_234' title='bbox 1796 4281 1855 4329; x_wconf 91' lang='lat' dir='ltr'>erat</span> 
     </span>
     <span class='ocr_line' id='line_1_28' title="bbox 453 4365 1923 4458; baseline -0.001 -31"><span class='ocrx_word' id='word_1_235' title='bbox 453 4367 592 4428; x_wconf 75' lang='lat' dir='ltr'>subsidii.¹</span> <span class='ocrx_word' id='word_1_236' title='bbox 634 4365 818 4444; x_wconf 88' lang='lat' dir='ltr'>Barbeyracii</span> <span class='ocrx_word' id='word_1_237' title='bbox 831 4367 971 4444; x_wconf 86' lang='lat' dir='ltr'>praefatio</span> <span class='ocrx_word' id='word_1_238' title='bbox 986 4369 1024 4428; x_wconf 89' lang='lat' dir='ltr'>ad</span> <span class='ocrx_word' id='word_1_239' title='bbox 1038 4369 1196 4458; x_wconf 85' lang='lat' dir='ltr'>editionem</span> <span class='ocrx_word' id='word_1_240' title='bbox 1218 4389 1300 4429; x_wconf 86' lang='lat' dir='ltr'>suam</span> <span class='ocrx_word' id='word_1_241' title='bbox 1321 4371 1359 4430; x_wconf 91' lang='lat' dir='ltr'>H.</span> <span class='ocrx_word' id='word_1_242' title='bbox 1377 4369 1471 4431; x_wconf 89' lang='lat' dir='ltr'>Grotii</span> <span class='ocrx_word' id='word_1_243' title='bbox 1486 4369 1532 4428; x_wconf 85' lang='lat' dir='ltr'>De</span> <span class='ocrx_word' id='word_1_244' title='bbox 1545 4369 1615 4428; x_wconf 86' lang='lat' dir='ltr'>Iure</span> <span class='ocrx_word' id='word_1_245' title='bbox 1628 4369 1745 4428; x_wconf 76' lang='lat' dir='ltr'>Belle‘et</span> <span class='ocrx_word' id='word_1_246' title='bbox 1757 4369 1854 4439; x_wconf 82' lang='lat' dir='ltr'>Pacis,</span> <span class='ocrx_word' id='word_1_247' title='bbox 1916 4367 1923 4384; x_wconf 91' lang='lat'>&#39;</span> 
     </span>
     <span class='ocr_line' id='line_1_29' title="bbox 453 4484 662 4527; baseline -0.005 -2"><span class='ocrx_word' id='word_1_248' title='bbox 453 4484 524 4525; x_wconf 84' lang='lat' dir='ltr'>anm</span> <span class='ocrx_word' id='word_1_249' title='bbox 538 4484 662 4527; x_wconf 78' lang='lat' dir='ltr'>unccxx.</span> 
     </span>
    </p>

    <p class='ocr_par' dir='ltr' id='par_1_8' title="bbox 449 4561 1853 4746">
     <span class='ocr_line' id='line_1_30' title="bbox 493 4561 1853 4644; baseline 0.001 -21"><span class='ocrx_word' id='word_1_250' title='bbox 493 4561 505 4596; x_wconf 77' lang='lat'>²</span> <span class='ocrx_word' id='word_1_251' title='bbox 525 4562 625 4640; x_wconf 85' lang='lat' dir='ltr'>Uulgo</span> <span class='ocrx_word' id='word_1_252' title='bbox 642 4563 723 4622; x_wconf 86' lang='lat' dir='ltr'>aliter</span> <span class='ocrx_word' id='word_1_253' title='bbox 737 4563 868 4636; x_wconf 88' lang='lat' dir='ltr'>creditur,</span> <span class='ocrx_word' id='word_1_254' title='bbox 883 4565 936 4624; x_wconf 92' lang='lat' dir='ltr'>sed</span> <span class='ocrx_word' id='word_1_255' title='bbox 950 4565 989 4625; x_wconf 90' lang='lat' dir='ltr'>ita</span> <span class='ocrx_word' id='word_1_256' title='bbox 1002 4565 1065 4643; x_wconf 89' lang='lat' dir='ltr'>ipse</span> <span class='ocrx_word' id='word_1_257' title='bbox 1084 4577 1203 4628; x_wconf 88' lang='lat' dir='ltr'>testatur</span> <span class='ocrx_word' id='word_1_258' title='bbox 1216 4568 1368 4628; x_wconf 89' lang='lat' dir='ltr'>Albericus</span> <span class='ocrx_word' id='word_1_259' title='bbox 1381 4569 1412 4627; x_wconf 91' lang='lat' dir='ltr'>in</span> <span class='ocrx_word' id='word_1_260' title='bbox 1431 4568 1619 4628; x_wconf 81' lang='lat' dir='ltr'>adnotatione</span> <span class='ocrx_word' id='word_1_261' title='bbox 1633 4565 1759 4644; x_wconf 86' lang='lat' dir='ltr'>quadam</span> <span class='ocrx_word' id='word_1_262' title='bbox 1774 4586 1791 4625; x_wconf 91' lang='lat' dir='ltr'>a</span> <span class='ocrx_word' id='word_1_263' title='bbox 1805 4585 1853 4625; x_wconf 91' lang='lat' dir='ltr'>me</span> 
     </span>
     <span class='ocr_line' id='line_1_31' title="bbox 449 4661 1463 4746; baseline 0.006 -25"><span class='ocrx_word' id='word_1_264' title='bbox 449 4663 483 4722; x_wconf 87' lang='lat' dir='ltr'>tn</span> <span class='ocrx_word' id='word_1_265' title='bbox 497 4661 576 4723; x_wconf 85' lang='lat' dir='ltr'>libris</span> <span class='ocrx_word' id='word_1_266' title='bbox 590 4663 653 4723; x_wconf 88' lang='lat' dir='ltr'>eius</span> <span class='ocrx_word' id='word_1_267' title='bbox 666 4679 758 4722; x_wconf 86' lang='lat' dir='ltr'>manu</span> <span class='ocrx_word' id='word_1_268' title='bbox 772 4662 884 4740; x_wconf 85' lang='lat' dir='ltr'>scriptis</span> <span class='ocrx_word' id='word_1_269' title='bbox 898 4663 1113 4741; x_wconf 85' lang='lat' dir='ltr'>perscrutandis</span> <span class='ocrx_word' id='word_1_270' title='bbox 1126 4668 1326 4728; x_wconf 89' lang='lat' dir='ltr'>recentissime</span> <span class='ocrx_word' id='word_1_271' title='bbox 1339 4675 1463 4746; x_wconf 86' lang='lat' dir='ltr'>reperta.</span> 
     </span>
    </p>
   </div>
   <div class='ocr_carea' id='block_1_4' title="bbox 0 0 2232 5566">
    <p class='ocr_par' dir='ltr' id='par_1_9' title="bbox 0 0 2232 5566">
     <span class='ocr_line' id='line_1_32' title="bbox 0 0 2232 5566; baseline 0 3"><span class='ocrx_word' id='word_1_272' title='bbox 0 0 2232 5566; x_wconf 95' lang='lat' dir='ltr'> </span> 
     </span>
    </p>
   </div>
  </div>
 </body>
</html>
