4604 5562
750 702 809 754 DE
838 699 941 755 IURE
969 697 1103 766 BELLI,
1133 696 1212 752 LIB.
1237 697 1261 765 I,
1292 697 1379 751 CAP.
1402 697 1483 752 XIV.
1773 687 1812 750 61

425 967 551 1030 semper
574 945 821 1030 progrediendo,
847 941 948 1006 finem
972 940 1133 1005 bellorum
1160 961 1226 1004 non
1252 938 1426 1018 faciebant,
1450 950 1484 1005 et
1508 942 1677 1024 potentiae
1699 943 1816 1025 ampli-

426 1059 572 1124 ficandae
582 1056 602 1122 ¹.
663 1055 718 1121 Sic
749 1053 911 1137 Campani
945 1073 1004 1135 pro
1042 1051 1196 1118 Sidicinis
1229 1059 1343 1114 contra
1381 1051 1556 1117 Samnites¹
1588 1063 1623 1118 et
1655 1053 1817 1136 inquiunt,

426 1167 675 1251 ‘Pugnauimus
692 1167 794 1231 uerbo
811 1186 872 1248 pro
891 1161 1052 1238 Sidicinis,
1069 1182 1104 1226 re
1121 1182 1181 1244 pro
1201 1161 1314 1224 nobis:
1337 1182 1412 1225 cum
1436 1163 1621 1228 uideremus
1639 1163 1816 1229 finitimum

426 1279 607 1363 ‘populum
623 1277 746 1342 nefario
762 1274 934 1340 latrocinio
950 1272 1150 1339 Samnitium
1165 1272 1254 1355 peti:
1277 1281 1311 1336 et
1327 1272 1382 1336 ubi
1399 1273 1655 1356 conflagrassent
1671 1273 1818 1354 Sidicini,

426 1391 491 1454 ‘ad
515 1410 576 1454 nos
594 1389 805 1452 traiecturum
825 1385 905 1451 illud
925 1385 1112 1449 incendium
1133 1380 1245 1447 esse².'
1290 1383 1386 1465 Quae
1401 1394 1435 1448 et
1452 1384 1695 1465 Hermocrates,
1715 1387 1819 1452 iustus

427 1500 474 1564 uir
489 1501 725 1582 Syracusanus,
740 1496 949 1561 ‘Arbitratur
962 1494 1080 1578 aliquis
1095 1502 1252 1570 nostrum,
1268 1494 1443 1558 remotiore
1458 1495 1566 1560 uicino
1580 1496 1646 1560 iam
1662 1498 1820 1564 subuerso

428 1615 436 1642 ¹
453 1629 517 1674 non
532 1611 748 1674 deuenturam
765 1607 798 1670 in
810 1628 845 1671 se
855 1625 988 1689 quoque
999 1604 1222 1670 calamitatem
1234 1603 1246 1640 ³
1256 1599 1283 1666 ?’
1321 1603 1377 1667 Sic
1390 1604 1533 1683 Perseus,
1546 1606 1592 1671 sic
1608 1606 1819 1674 Mithridates

427 1721 583 1784 aduersus
605 1718 790 1802 potentiam
814 1717 1041 1780 Romanorum
1064 1714 1246 1778 monebant
1267 1714 1358 1791 alios,
1374 1725 1408 1778 et
1427 1714 1624 1781 inuocabant
1633 1716 1656 1782 4.
1700 1720 1820 1804 Neque

428 1830 514 1894 enim
544 1829 732 1894 occasiones
762 1828 882 1893 desunt
907 1825 985 1890 belli
1014 1825 1065 1889 his
1095 1823 1151 1907 qui
1181 1825 1224 1888 ad
1255 1823 1427 1907 imperium
1457 1829 1662 1893 contendunt
1690 1839 1725 1894 et
1753 1831 1820 1896 lam

427 1939 530 2005 odiosi
549 1948 683 2022 propter
704 1937 887 2022 potentiam
910 1946 996 2000 sunt.
1025 1935 1115 2018 quod
1137 1934 1204 1998 suis
1226 1933 1278 1998 his
1296 1935 1458 1999 Romanis
1479 1936 1526 2001 ait
1540 1938 1674 2022 Appius
1691 1942 1822 2008 alicubi.

429 2061 461 2115 et
475 2051 681 2115 uerissimum
696 2049 858 2133 apparuit.
890 2068 968 2111 nam
983 2047 1078 2111 sociis
1093 2055 1194 2127 atque
1209 2045 1323 2109 amicis
1336 2046 1461 2110 auxilia
1480 2068 1561 2112 mox
1578 2049 1715 2116 serendo
1734 2057 1821 2120 nacti

430 2161 599 2243 imperium
615 2160 703 2224 orbis
717 2159 825 2224 suntl.
862 2157 930 2224 Sed
945 2158 1028 2221 haec
1043 2156 1138 2239 plura
1154 2154 1318 2237 exempla,
1333 2176 1419 2238 quae
1434 2157 1537 2222 etalii
1552 2160 1599 2224 sic
1612 2163 1822 2246 adnotarunt,

431 2281 463 2336 et
484 2292 571 2354 quae
592 2272 639 2334 sic
662 2271 756 2334 nobis
779 2269 948 2334 declarant
970 2269 1020 2332 ius
1046 2267 1135 2349 quod
1158 2266 1344 2348 quaerimus
1365 2267 1515 2348 gentium
1525 2270 1546 2334 ⁶.
1587 2271 1703 2339 Turcis
1724 2277 1822 2354 illinc,

432 2382 590 2466 Hispanis
613 2381 698 2461 hinc,
722 2381 957 2446 meditantibus
982 2378 1106 2461 ubique
1131 2377 1346 2455 dominatum,
1369 2387 1402 2442 et
1431 2379 1650 2463 molientibus,
1672 2407 1738 2450 non
1763 2389 1824 2454 ob·

430 2495 580 2558 sisterent
605 2513 721 2556 omnes
748 2489 946 2556 iustissime?
991 2490 1069 2554 Non
1092 2487 1225 2571 quidem
1249 2487 1327 2552 lacit
1347 2488 1459 2553 multis
1480 2489 1589 2557 Turca
1611 2493 1769 2576 iniuriam,
1790 2509 1824 2565 et

431 2625 489 2670 nec
513 2605 704 2687 Hispanus:
736 2623 843 2684 neque
861 2602 895 2665 id
914 2601 968 2665 ille
986 2609 1106 2684 potest,
1123 2609 1182 2664 aut
1198 2599 1280 2664 iste:
1303 2599 1361 2664 sed
1379 2599 1576 2682 quibusdam
1599 2605 1686 2671 lacit
1723 2619 1824 2692 atque

430 2715 484 2778 uni
495 2715 551 2798 qui
567 2715 675 2786 iaciat,
691 2715 718 2777 is
733 2712 881 2796 plurimis
897 2709 1097 2776 minitaturl.
1138 2711 1369 2792 Expectentur
1382 2731 1473 2775 arma
1488 2712 1582 2795 ipsa?
1623 2716 1824 2786 Audiuimus

431 2827 472 2890 de
493 2825 611 2889 Turcis
636 2833 724 2900 ante,
748 2833 782 2888 et
805 2843 921 2887 omnes
943 2821 1113 2887 cernimus.
1158 2820 1212 2884 De
1239 2820 1400 2903 Hispanis
1423 2822 1450 2885 si
1474 2823 1548 2906 quis
1571 2845 1636 2890 non
1661 2829 1772 2909 cernit,
1797 2833 1824 2897 is

432 2937 543 3001 audiat
569 2956 589 3000 a
616 2935 652 3000 P.
680 2934 782 3013 Iouio,
807 2933 1002 3017 impotentia
1032 2942 1065 2997 et
1091 2933 1228 2996 istorum
1254 2951 1326 2996 esse
1351 2932 1489 3014 ingenia,
1513 2945 1615 3018 atque
1640 2940 1739 3005 auida
1764 2942 1825 3006 im·

434 3047 587 3128 perandi:
626 3045 749 3128 quique
775 3065 850 3109 cum
875 3043 1061 3127 irrepserint
1085 3043 1198 3119 semel,
1224 3044 1267 3107 ad
1294 3063 1458 3107 summam
1483 3067 1616 3130 semper
1639 3054 1823 3133 potentiam

433 3157 553 3222 artibus
576 3156 701 3222 cunctis
723 3156 899 3219 intendunt
908 3153 930 3220 ⁸.
972 3153 1211 3219 Obsistendum
1234 3153 1341 3236 igitur.
1382 3154 1428 3218 Et
1447 3175 1563 3222 cauere
1580 3160 1683 3224 satius
1706 3173 1764 3238 est,
1783 3185 1825 3229 ne

434 3267 581 3332 homines
604 3275 766 3349 augentur
791 3267 929 3330 nimium
955 3265 1112 3348 potentia,
1139 3284 1239 3346 quam
1269 3273 1383 3328 contra
1408 3267 1610 3348 potentiores
1636 3280 1751 3354 postea
1776 3296 1826 3340 re-

436 3379 577 3443 medium
607 3398 762 3461 quaerere
770 3377 793 3439 ⁹.
853 3377 962 3440 ‘Dum
992 3395 1113 3458 paruus
1143 3383 1194 3439 est
1225 3374 1339 3449 hostis,
1369 3374 1525 3442 interfice.
1586 3380 1752 3463 Nequitia,
1783 3406 1826 3449 ne

436 3488 582 3553 ‘zizania
594 3498 750 3567 crescant,
761 3487 903 3551 elidatur
917 3488 950 3552 in
966 3486 1107 3551 semine?
1137 3505 1196 3548 cur
1207 3504 1272 3548 non
1284 3485 1348 3548 ista
1365 3485 1561 3569 Hieronymi
1577 3499 1611 3555 et
1625 3491 1679 3556 hic
1692 3503 1773 3577 apta
1781 3494 1826 3560 ¹⁰?

437 3599 671 3666 obsistendum
697 3599 917 3663 communiter
942 3596 1086 3680 periculo
1109 3595 1285 3661 communi.
1329 3595 1441 3659 Etiam
1466 3601 1725 3680 separatissimos
1748 3627 1826 3670 con-

436 3718 549 3794 gregat
564 3709 747 3775 communis
763 3710 870 3773 timor.
881 3716 922 3796 'ut
938 3729 959 3772 a
976 3717 1092 3772 natura
1107 3705 1153 3770 sic
1171 3714 1221 3770 est
1239 3705 1403 3770 inditum:
1426 3716 1460 3771 et
1475 3709 1517 3773 de
1530 3708 1713 3779 Aristotele
1732 3718 1828 3784 docet

438 3821 558 3886 Baldus
587 3817 740 3886 noster¹¹.
785 3819 918 3902 ‘Atque
942 3819 989 3883 sic
1012 3828 1064 3882 est
1093 3817 1176 3882 ratio
1199 3817 1417 3900 imperiorum,
1442 3839 1483 3883 ne
1505 3822 1613 3886 noceri
1637 3825 1761 3907 possit?
1789 3840 1827 3895 ut

438 3935 536 4016 probe
555 3933 702 4017 quisquis
722 3931 776 3995 ille
794 3931 883 4015 apud
903 3929 1102 4013 Dionysium
1111 3928 1146 3994 ¹².
1176 3928 1322 4011 nihilque
1339 3929 1455 4009 uerius,
1474 3941 1508 3996 et
1524 3934 1615 3999 uelut
1633 3937 1676 4000 ab
1694 3942 1827 4007 oraculo

436 4043 636 4124 proiectum:
659 4042 779 4107 iudicio
794 4039 922 4106 Bodini.
968 4040 1087 4106 ‘Posse
1106 4059 1230 4118 nocere,
1246 4049 1298 4104 sat
1318 4049 1378 4104 est.
1424 4040 1590 4127 Quodque
1612 4057 1723 4130 potest
1744 4051 1827 4117 alios

440 4157 602 4237 ‘perdere
628 4155 731 4240 perde
760 4149 901 4237 prior¹³.'
954 4151 1048 4235 Apte
1073 4151 1128 4216 hic
1153 4159 1254 4236 poeta
1278 4152 1474 4235 ingeniosus.
1528 4155 1574 4220 Et
1596 4179 1754 4242 pergraue
1776 4175 1828 4229 est

485 4413 572 4466 rxffl·
585 4411 707 4476 &Gneo
722 4425 743 4463 2,
795 4410 1053 4474 nnu,1ib,7.c.3o.
1107 4409 1389 4474 ¹Thuc.lib.6.c.77.
1414 4377 1775 4484 ’'⁴SelLlrag.lib.4,Hist.

562 4493 666 4545 'Dion
679 4493 730 4544 Ha
741 4493 787 4544 lib.
798 4508 823 4558 9.
919 4491 1010 4543 ‘Eud
1023 4505 1045 4555 5.
1056 4491 1087 4542 de
1098 4491 1161 4556 Rep.
1174 4491 1208 4542 ul.
1305 4491 1360 4542 ¹1³.
1372 4493 1426 4558 Syr.
1524 4496 1606 4548 'Iou
1617 4497 1660 4550 lib.
1674 4515 1696 4551 1.

442 4576 537 4630 ‚Arist
550 4575 675 4641 supom·
715 4575 734 4606 n
753 4575 883 4642 Himssp,
897 4589 918 4624 2,
960 4573 977 4603 ¹¹
993 4573 1046 4625 Bal.
1061 4573 1231 4626 monsedo.
1273 4574 1292 4604 ¹'
1308 4575 1384 4626 Dion.
1400 4576 1450 4626 Ha.
1462 4576 1506 4628 lib.
1518 4577 1542 4627 6.
1583 4580 1602 4608 ¹⁸
1618 4581 1675 4631 Oui.
1689 4595 1711 4644 5.
1725 4583 1827 4634 ΜΒ.

453 4769 466 4802 b
