4604 5562
754 655 814 708 aa
844 653 947 708 runa
976 653 1110 724 aanor,
1139 654 1266 724 arar,
1297 653 1384 710 cnr.
1407 655 1527 710 rarus.
1779 666 1840 727 109

445 895 618 978 confugere
636 895 824 978 principem,
840 915 939 978 quem
959 905 992 959 et
1008 895 1070 959 sibi
1088 897 1282 973 adsciscant,
1298 896 1400 960 nostri
1416 897 1545 974 docent,
1560 905 1594 959 et
1610 897 1691 960 ratio
1708 898 1841 961 euiden-

445 1005 569 1069 tissima
585 1005 830 1071 demonstrat¹:
853 1008 942 1089 quod
959 1006 1084 1070 domini
1101 1015 1134 1070 et
1149 1007 1355 1070 subditorum
1374 1015 1481 1071 status
1499 1028 1669 1072 connexus
1684 1016 1744 1085 est,
1758 1018 1792 1073 et
1807 1009 1841 1072 hi

443 1125 595 1181 tenentur
616 1117 706 1181 illum
730 1118 915 1194 defendere,
932 1126 965 1181 et
988 1118 1042 1180 ille
1064 1116 1155 1180 host
1201 1117 1405 1182 Correlatiua
1424 1128 1499 1182 sunt
1518 1119 1670 1182 dominus
1686 1130 1719 1182 et
1734 1120 1841 1182 uasal·

443 1227 510 1305 lus;
534 1229 686 1310 princeps
708 1236 742 1292 et
764 1229 906 1292 subditi:
930 1238 966 1292 ut
989 1228 1073 1292 sicut
1089 1229 1141 1292 isti
1157 1239 1233 1293 sunt
1250 1229 1388 1310 obligati
1404 1229 1488 1294 bene
1511 1229 1654 1308 obedire,
1670 1230 1715 1292 ita
1734 1231 1841 1294 domi·

444 1357 502 1401 nus
524 1339 609 1402 bene
631 1338 791 1421 imperare
801 1337 823 1403 ³.
868 1337 1042 1402 ‘Subdens
1064 1359 1100 1402 se
1122 1338 1228 1421 priori,
1253 1360 1358 1422 aeque
1379 1338 1494 1422 alligat
1512 1349 1547 1404 et
1565 1340 1717 1422 priorem.
1763 1341 1840 1404 Duo

443 1449 548 1513 ‘fiunt
572 1469 631 1531 per
652 1449 746 1512 unius
768 1449 979 1531 sponsionem
1005 1450 1163 1513 alteruter
1189 1450 1362 1526 debitores,
1386 1450 1493 1514 fidelis
1519 1471 1615 1515 curae
1645 1472 1737 1528 unus,
1757 1452 1841 1515 alter

442 1559 594 1624 ‘humilis
624 1559 866 1624 obedientiae:’
897 1560 997 1622 etiam
1024 1561 1068 1623 de
1094 1560 1263 1624 monachis
1293 1562 1339 1625 sic
1369 1559 1542 1627 traditur⁴.
1588 1561 1633 1625 Et
1665 1561 1838 1644 Lycurgus

441 1673 485 1736 sic
512 1670 690 1754 ‘populum
717 1671 749 1733 in
775 1672 931 1752 obsequia
959 1670 1155 1754 PrIncipum,
1179 1673 1346 1754 Principes
1372 1673 1414 1736 ad
1442 1672 1600 1736 iustitiam
1627 1673 1836 1755 imperiorum

441 1783 604 1848 ‘firmauit
614 1779 648 1846 ⁵.'
689 1783 734 1846 Et
750 1783 822 1864 quis
838 1781 927 1846 noni
972 1784 1070 1846 Fides
1086 1785 1250 1866 reciproca
1266 1793 1316 1847 est
1332 1784 1417 1847 inter
1430 1785 1601 1848 dominum
1618 1794 1651 1849 et
1666 1785 1835 1850 uasallum.

445 1896 531 1958 unde
558 1904 591 1958 et
618 1894 697 1958 dicti
728 1891 922 1976 ‘coniuges’
955 1873 1087 1958 suntin
1118 1895 1207 1959 libris
1237 1895 1419 1972 feudorum,
1443 1895 1535 1977 quasi
1567 1895 1732 1960 communi
1761 1895 1838 1959 fidei

443 2005 572 2069 uinculo
590 2006 764 2069 coniuncti.
792 2015 825 2069 et
845 2008 888 2070 de
908 2027 947 2068 ea
968 2005 1128 2070 fidelitate
1151 2006 1236 2069 iurat
1258 2006 1394 2070 domino
1414 2005 1566 2084 uasalluS,
1585 2006 1710 2070 uasallo
1729 2007 1837 2071 domi·

440 2117 530 2181 nusl.
577 2116 693 2198 Itaque
716 2117 850 2180 domino
876 2115 976 2179 fidem
1000 2136 1066 2179 non
1088 2116 1231 2180 seruanti
1255 2115 1337 2179 fides
1360 2115 1444 2179 iuste
1467 2137 1533 2179 non
1555 2117 1733 2180 seruatur⁷.
1780 2117 1836 2182 Sic

440 2249 545 2311 neque
571 2227 730 2292 alienatur
753 2225 896 2290 uasallus
922 2227 1052 2301 inuitus,
1076 2227 1154 2309 quia
1177 2227 1204 2290 is
1231 2247 1290 2291 nec
1317 2227 1439 2290 alienat
1466 2227 1637 2290 dominum
1664 2229 1803 2291 inuitum
1814 2228 1835 2293 ⁸.

440 2339 524 2404 Cum
541 2341 573 2404 id
589 2361 692 2422 genus
708 2338 863 2423 pluribus.
909 2337 1032 2420 Nequit
1049 2338 1199 2420 princeps
1216 2338 1302 2402 male
1318 2338 1468 2402 subditos
1482 2337 1612 2416 habere,
1629 2359 1705 2402 nam
1722 2339 1835 2404 haberi

438 2452 521 2515 bene
539 2450 654 2514 uolunt
670 2451 766 2516 entia.
798 2451 887 2533 quod
904 2451 946 2513 de
961 2447 1143 2512 Aristotele
1157 2449 1205 2512 ait
1221 2448 1374 2513 Baldusl.
1420 2448 1466 2512 Et
1482 2450 1707 2530 quaestionem
1724 2450 1756 2512 in
1773 2449 1836 2513 im-

438 2571 587 2645 peratore
605 2563 751 2644 disputat
770 2561 883 2639 inutili,
903 2569 1014 2624 mente
1032 2569 1139 2643 capt0,
1157 2559 1294 2638 ebrioso,
1312 2559 1369 2642 qui
1390 2579 1456 2622 non
1475 2560 1615 2624 sufficiat
1636 2561 1835 2644 reipublicae

437 2675 618 2755 gerendae:
649 2693 691 2736 an
712 2673 812 2736 istum
834 2670 974 2754 populus
999 2671 1171 2734 Romanus
1197 2669 1327 2753 priuare
1350 2669 1487 2753 imperio
1513 2672 1624 2753 possit,
1644 2672 1716 2736 eiue
1741 2673 1833 2737 adiu·

437 2795 542 2849 torem
563 2786 652 2848 dare.
683 2793 717 2847 et
740 2783 846 2860 refert,
869 2782 1009 2864 Cynum,
1031 2802 1071 2846 ac
1094 2781 1297 2863 Raynerium
1319 2782 1503 2845 adfirmare.
1550 2781 1617 2846 Sed
1640 2791 1673 2847 et
1696 2783 1752 2846 alii
1775 2784 1833 2847 ad-

437 2895 578 2960 firmant.
625 2895 701 2977 Ipse
716 2893 839 2958 Baldus
855 2901 962 2974 negat.
992 2893 1148 2975 quoniam
1163 2914 1202 2956 ea
1217 2903 1364 2975 potestas
1380 2894 1423 2957 sit
1439 2914 1564 2976 papae:
1588 2894 1639 2957 cui
1656 2895 1834 2976 imperator

436 3007 529 3071 iurat.
584 3006 698 3088 Atque
723 3007 807 3070 adeo
834 3004 912 3068 facit
940 3003 1128 3086 Baldusque
1154 3024 1304 3067 caussam
1331 3004 1458 3082 iustam,
1485 3006 1544 3068 sed
1572 3015 1691 3084 censet,
1717 3007 1833 3069 deesse

436 3126 634 3199 potestatem
654 3114 787 3199 populo.
833 3113 888 3178 Sic
911 3121 945 3178 et
967 3114 1023 3177 alii
1045 3115 1088 3177 de
1110 3115 1307 3196 imperatore
1326 3116 1496 3196 tyrannice
1513 3125 1633 3197 agente
1642 3114 1678 3178 ¹⁰.
1725 3116 1831 3194 Certe,

435 3227 546 3310 fugere
561 3228 761 3291 saeuientem
776 3225 957 3304 dominum,
973 3227 1140 3308 seruisque
1156 3225 1232 3289 licet
1243 3223 1276 3289 ¹¹.
1320 3224 1372 3288 At
1394 3227 1436 3288 de
1459 3235 1625 3306 potestate
1646 3227 1832 3308 quaerimus

435 3359 494 3404 nos
516 3340 558 3402 ad
583 3339 663 3402 illud
686 3347 816 3419 tempus
839 3357 941 3420 quum
964 3345 1110 3419 potestas
1133 3357 1239 3418 papae
1262 3357 1328 3399 non
1351 3344 1448 3400 esset.
1494 3336 1560 3400 Uel
1583 3338 1610 3400 si
1630 3345 1831 3418 potestatem

435 3451 490 3514 illo
516 3451 616 3515 etiam
642 3459 792 3531 tempore
817 3449 1028 3532 agnoscimus
1055 3467 1182 3529 papae:
1209 3467 1285 3511 ecce
1313 3448 1413 3510 etiam
1441 3467 1601 3529 papaque,
1625 3446 1832 3530 populusque

433 3561 630 3626 transferunt
655 3559 836 3642 imperium.
882 3559 1010 3624 Uerum
1032 3559 1251 3636 aduertamus,
1275 3559 1364 3640 quod
1390 3578 1464 3621 cum
1492 3558 1633 3640 populus
1660 3557 1831 3624 Romanus

435 3684 532 3738 antea
554 3693 653 3737 omne
680 3672 853 3753 imperium
876 3691 971 3734 suum
994 3680 1027 3732 et
1057 3677 1258 3751 potestatem
1282 3668 1479 3750 imperatori,
1502 3668 1602 3732 etiarn
1625 3669 1658 3731 in
1681 3689 1726 3742 se,
1750 3688 1829 3732 con-

434 3785 574 3861 cesserit,
596 3781 779 3859 contulerit,
801 3780 1023 3845 transtulerit:
1055 3799 1162 3861 neque
1188 3776 1291 3863 (quod
1317 3779 1401 3842 bene
1427 3778 1577 3843 defendit
1604 3777 1741 3866 Baldus)
1768 3758 1835 3844 suit'

435 3897 612 3979 imperator
630 3893 722 3976 quasi
741 3913 824 3957 unus
841 3892 959 3974 aliquis
977 3891 1228 3969 commissarius,
1244 3911 1349 3972 neque
1371 3889 1433 3954 sibi
1452 3889 1501 3953 ius
1518 3889 1621 3953 ullum
1642 3889 1675 3954 in
1692 3891 1830 3973 imperio

535 4173 544 4202 ¹
560 4172 628 4237 Sigo.
642 4186 665 4234 3.
676 4171 707 4220 de
720 4171 765 4221 Re.
776 4169 836 4226 fta:
855 4169 978 4219 Moechia.
994 4183 1015 4220 1.
1029 4168 1098 4218 Hist.
1111 4169 1167 4218 Flo.
1269 4167 1279 4196 ¹
1295 4167 1350 4218 Bal.
1364 4181 1386 4217 a.
1398 4182 1466 4216 cons.
1480 4165 1542 4224 1883
1559 4165 1622 4218 Dec.
1635 4181 1658 4231 3.
1672 4179 1726 4230 117.

431 4255 508 4306 'Bal
521 4255 617 4306 l.1.de
628 4253 662 4302 di.
674 4269 709 4304 re.
721 4253 767 4315 (D.
782 4266 802 4302 1.
816 4250 930 4313 8);Alc.
942 4264 965 4314 5.
977 4267 1045 4301 cons.
1059 4261 1081 4314 ¹7.
1160 4250 1257 4300 ‘Bern
1269 4251 1300 4300 de
1311 4251 1380 4300 Prec.
1391 4255 1415 4299 et
1427 4249 1500 4315 Disp.
1587 4249 1672 4300 'lust
1684 4249 1725 4300 lib.
1738 4263 1762 4312 3.
1773 4265 1794 4300 c.
1808 4265 1830 4300 r.

625 4335 635 4364 ⁸
652 4335 737 4385 Culac.
752 4349 773 4383 a.
783 4333 815 4384 de
827 4333 887 4385 Feu.
902 4343 923 4396 7.
1038 4332 1048 4362 ¹
1066 4331 1122 4383 Alc.
1137 4347 1159 4396 3.
1171 4348 1240 4383 cons.
1253 4343 1276 4395 7.
1384 4331 1394 4361 ¹
1410 4330 1463 4381 Bal.
1476 4345 1499 4394 3.
1511 4347 1578 4382 cons.
1591 4342 1631 4396 97.

557 4419 568 4449 ⁹
584 4419 638 4468 Bal.
651 4429 674 4482 5.
687 4434 755 4468 cons.
768 4430 824 4479 325,
837 4431 900 4481 409;
919 4415 936 4466 l.
950 4431 973 4482 9.
985 4417 1016 4466 de
1027 4415 1084 4481 legi.
1097 4415 1142 4478 (D.
1158 4429 1179 4464 t.
1192 4418 1228 4478 3).
1355 4471 1357 4476 ,
1382 4413 1401 4445 ¹⁹
1417 4414 1510 4464 Castal.
1522 4415 1553 4464 de
1565 4415 1629 4479 Imp.
1641 4430 1663 4466 c.
1677 4429 1699 4462 π.

830 4499 847 4528 ¹¹
864 4500 881 4551 l.
896 4514 916 4549 ι.
929 4500 972 4550 ubl
983 4499 1080 4549 Balde
1092 4499 1131 4548 his
1142 4496 1184 4564 qui
1195 4513 1230 4548 su.
1243 4514 1279 4549 su.
1292 4497 1338 4559 (D.
1354 4496 1422 4557 1.6).
