4456 5566
822 1959 1314 2060 PRAEFATIO.

950 2267 1195 2278 -u———u—-u

423 2491 675 2566 erscmm
698 2494 909 2590 nuperrime
934 2510 1011 2568 tam
1044 2495 1080 2567 in
1105 2493 1246 2593 Anglia
1271 2519 1384 2590 quam
1411 2493 1448 2564 in
1477 2489 1586 2565 Italia
1603 2481 1770 2564 Alberici

371 2626 533 2703 Gentilis
554 2627 664 2714 sama,
683 2627 805 2700 uisum
830 2644 889 2702 est
906 2629 1114 2703 fautoribus
1135 2629 1359 2724 quibusdam
1382 2627 1610 2703 nostratibus
1635 2624 1769 2698 summi

371 2761 460 2834 iuris
488 2760 657 2849 consulti,
684 2763 902 2859 praesertim
934 2763 1223 2852 Oxoniensibus,
1252 2788 1327 2838 non
1357 2762 1470 2836 modo
1497 2759 1620 2835 locum
1649 2757 1770 2854 sepul-

370 2909 477 2968 turae
500 2895 591 2982 eius,
618 2894 740 2969 adhuc
767 2895 987 2995 neglectum,
1011 2922 1195 2971 marmore
1220 2913 1259 2971 et
1287 2895 1477 2993 insculptis
1503 2895 1630 2970 uerbis
1655 2893 1771 2966 hone·

371 3043 480 3116 stare,
495 3027 562 3101 sed
580 3028 693 3101 etiam
711 3027 826 3105 libros
844 3031 925 3104 eius
945 3030 1008 3103 DE
1029 3029 1125 3104 lunc
1146 3031 1275 3119 Bntm,
1289 3056 1386 3126 opus
1402 3030 1451 3103 ad
1468 3028 1663 3103 historiam
1682 3027 1770 3105 iuris

370 3163 539 3260 gentium
561 3179 660 3238 recte
682 3163 958 3262 intelligendam
981 3164 1132 3238 maximi
1160 3164 1312 3260 quidem
1331 3164 1520 3252 momenti,
1539 3163 1653 3237 hodie
1678 3188 1770 3236 uero

372 3321 524 3392 prorsus
558 3315 665 3373 extra
695 3301 956 3375 commercium
991 3315 1031 3374 et
1064 3299 1219 3374 eruditis
1254 3299 1368 3371 etiam
1402 3298 1616 3372 hominibus
1651 3322 1770 3396 paene

373 3429 552 3528 ignotum,
580 3433 704 3506 denuo
730 3433 768 3505 in
793 3431 913 3508 lucem
941 3432 1061 3507 edere.

422 3565 493 3638 Cui
536 3581 627 3639 uoto
670 3591 754 3640 cum
796 3566 907 3640 alacri
951 3567 1076 3638 animo
1119 3565 1336 3640 adnuissent
1379 3565 1471 3662 preli
1517 3564 1693 3663 Delegati
1733 3566 1771 3638 in

373 3695 630 3773 Uniuersitate
667 3699 886 3786 Oxoniensi‚
920 3714 960 3772 et
1001 3696 1135 3771 librum
1174 3699 1273 3795 typis
1310 3697 1570 3771 Academicis·
1588 3698 1771 3772 excuden-

372 3831 462 3906 dum
487 3832 728 3930 accepissent,
755 3831 931 3929 equidem
956 3855 1127 3906 recusare
1154 3855 1231 3906 non
1260 3829 1365 3928 potui
1391 3831 1481 3929 quin
1507 3858 1644 3908 novam
1675 3832 1772 3908 hanc

373 3965 496 4064 magni
540 3966 664 4062 operis
703 3965 905 4039 editionem
948 3989 1035 4038 cura
1074 3979 1113 4038 et
1151 3964 1276 4038 studio
1319 3965 1413 4039 meis
1438 3989 1569 4070 *quam
1609 3967 1772 4042 maxime

370 4100 599 4175 adiuuarem.

424 4235 564 4310 Munus
589 4233 736 4330 suscepi
758 4259 833 4308 non
857 4232 937 4307 sine
965 4232 1157 4330 diligentia
1180 4231 1455 4329 perficiendum,
1477 4259 1592 4332 quum
1619 4259 1772 4309 necesse

373 4385 474 4444 esset
494 4368 598 4445 locos
622 4369 755 4442 citatos
781 4391 901 4466 paene
925 4364 1212 4440 innumerabiles
1239 4366 1277 4440 in
1304 4367 1395 4464 ipsis
1418 4365 1521 4442 libris
1545 4369 1644 4444 unde
1670 4369 1771 4444 ducti

373 4501 531 4577 fuissent
554 4502 725 4600 reperire,
745 4516 793 4589 et,
813 4500 915 4597 quod
939 4498 1239 4597 praetermiserat
1256 4497 1426 4587 Gentilis‚
1445 4516 1638 4575 auctorum
1656 4504 1772 4577 nomi-

375 4637 483 4713 nibus
510 4662 686 4712 numeros
714 4636 778 4734 qui
804 4632 941 4721 titulos,
972 4633 1104 4730 capita,
1132 4648 1212 4720 etc„
1239 4633 1461 4722 denotarent
1487 4658 1584 4709 nunc
1610 4634 1771 4731 primum

1062 4853 1084 4914 b
