4604 5562
756 769 816 824 DE
845 769 948 823 luna
976 770 1110 840 BELLJ,
1139 769 1218 826 Lm.
1241 769 1266 840 J,
1298 771 1384 827 cna
1408 772 1494 827 XIX.
1782 765 1822 848 83

433 1009 540 1092 ipsius.
575 1008 783 1073 Sententiam
799 1011 879 1074 item
894 1010 1074 1094 Augustini
1090 1013 1312 1095 supradictam
1330 1012 1437 1075 minus
1452 1013 1595 1094 probant
1611 1010 1666 1074 alii
1682 1013 1828 1094 quidam,

433 1120 611 1186 doctissimi
634 1121 780 1204 theologi
790 1121 810 1187 ¹.
853 1122 1017 1188 Attamen
1040 1144 1100 1207 pro
1122 1145 1161 1188 ea
1185 1125 1218 1187 id
1238 1124 1317 1186 mihi
1337 1125 1474 1201 uidetur,
1492 1125 1582 1206 quod
1601 1144 1667 1187 non
1685 1125 1728 1187 sit
1746 1125 1829 1187 ueri·

434 1231 545 1310 simile,
563 1231 706 1296 uoluisse
727 1233 869 1315 Moysen
888 1243 1000 1316 petere
1024 1256 1092 1299 rem
1116 1235 1292 1298 iniustam:
1316 1244 1350 1298 et
1367 1234 1411 1298 ob
1431 1253 1504 1298 earn
1527 1255 1593 1298 non
1617 1235 1829 1317 impetratam

433 1344 523 1424 quasi
542 1343 664 1406 iustum
686 1365 819 1409 mouere
835 1345 969 1410 bellum.
1015 1346 1134 1411 Dicam
1154 1345 1340 1423 Herculem,
1359 1347 1413 1427 qui
1434 1366 1545 1428 regern
1564 1346 1685 1410 occidit
1704 1345 1830 1410 Orcho-

367 1471 370 1476 '
435 1455 622 1531 meniorum,
638 1465 765 1519 armato
781 1457 842 1520 sibi
859 1465 1036 1539 negantem
1051 1458 1225 1521 transitum
1242 1477 1280 1520 ac
1296 1455 1576 1539 impedientem2?
1620 1457 1735 1520 Teneo
1754 1477 1829 1520 cum

433 1564 630 1646 Augustino,
655 1567 682 1628 si
706 1586 766 1631 nec
789 1568 974 1632 timendum
1001 1569 1052 1646 sit,
1070 1589 1112 1631 ne
1138 1576 1312 1632 noceatur:
1344 1575 1526 1631 etcertum
1553 1567 1604 1644 sit,
1628 1567 1735 1631 noceri
1763 1587 1828 1630 non

433 1697 537 1758 posse.
575 1685 611 1740 ut
641 1677 723 1740 haec
751 1686 801 1741 est
830 1679 913 1742 ratio
945 1679 1175 1761 imperiorum:
1208 1679 1251 1742 de
1280 1699 1345 1760 qua
1374 1687 1473 1741 antea
1497 1677 1671 1760 explicaui.
1717 1678 1828 1741 Etiam

435 1787 641 1862 Francorum,
659 1797 693 1852 et
712 1789 861 1854 Caesaris
880 1791 963 1854 ratio
977 1790 1066 1854 bona
1080 1789 1143 1855 hoc
1161 1789 1294 1854 nomine
1310 1799 1370 1868 est,
1385 1791 1475 1873 quod
1491 1791 1607 1853 timere
1621 1790 1664 1852 ab
1679 1789 1829 1855 hostibus

434 1919 562 1982 semper
582 1910 744 1982 oporteat.
790 1901 859 1966 Sed
879 1911 913 1965 et
935 1903 961 1964 si
981 1902 1069 1965 nulla
1087 1902 1222 1966 omnino
1241 1923 1355 1966 caussa
1373 1903 1500 1965 timoris
1518 1901 1569 1980 sit,
1589 1908 1728 1983 negatur
1744 1899 1828 1963 iuste

435 2009 582 2074 hostibus
604 2012 770 2087 transitus,
787 2013 887 2076 etiam
909 2012 1150 2076 adducentibus
1172 2012 1292 2076 hostes.
1338 2013 1385 2076 Et
1406 2013 1440 2075 hi
1464 2013 1560 2089 enirn,
1580 2023 1716 2094 propter
1737 2011 1827 2074 illam

435 2122 696 2186 coniunctionem
715 2143 789 2187 curn
808 2123 966 2202 hostibus,
981 2123 1074 2206 quasi
1093 2122 1207 2186 hostes
1221 2131 1308 2186 sunt.
1352 2123 1468 2204 Atque
1484 2123 1571 2186 male
1586 2123 1736 2186 hostibus
1751 2121 1830 2186 laci-

436 2253 505 2297 mus
521 2234 612 2298 iuste.
647 2233 806 2312 Antonio,
819 2235 951 2299 ducenti
966 2257 1077 2300 secum
1093 2237 1233 2312 hostem,
1245 2235 1431 2299 clauserunt
1444 2234 1641 2298 Brundusini
1658 2243 1777 2317 portas.
1795 2243 1829 2298 et

435 2345 521 2408 idem
534 2344 640 2408 secere
652 2344 929 2428 Carthaginenses
939 2346 1007 2410 filio
1017 2347 1211 2410 Masinissae
1221 2345 1244 2408 ³.
1274 2347 1349 2409 Hoc
1360 2341 1492 2431 (fateor)
1501 2355 1551 2409 est
1560 2345 1684 2408 bellum
1694 2345 1829 2410 lacere⁴.

436 2453 502 2520 Sed
517 2455 563 2519 sic
579 2455 654 2520 licet
669 2477 712 2520 ex
728 2476 843 2520 caussa
857 2457 972 2521 lacere.
1011 2457 1057 2521 Et
1072 2456 1128 2538 qui
1143 2456 1256 2520 hostes
1272 2457 1372 2532 ducit,
1383 2456 1454 2537 ipse
1469 2475 1537 2518 rem
1550 2464 1658 2519 tentat
1674 2454 1829 2532 illicitam,

436 2566 553 2631 ducere
568 2587 608 2630 eo
623 2567 781 2646 homines,
797 2567 853 2631 ubi
868 2589 941 2632 esse
957 2587 1021 2632 non
1038 2575 1185 2649 possunt.
1219 2567 1326 2630 Licita
1342 2566 1474 2643 amittit,
1488 2565 1544 2648 qui
1560 2574 1668 2631 tentat
1683 2565 1796 2629 illicita
1806 2564 1830 2630 ⁵.

479 2677 578 2759 Quod
608 2678 634 2740 si
662 2678 762 2759 igitur
785 2699 899 2743 caussa
926 2700 993 2743 non
1023 2687 1081 2756 est,
1106 2699 1163 2742 cur
1185 2677 1342 2742 transitus
1371 2677 1561 2758 denegetur,
1585 2685 1619 2740 et
1648 2677 1831 2759 denegatus

437 2787 486 2864 sit,
509 2807 625 2852 caussa
650 2789 728 2852 belli
757 2790 833 2854 hinc
864 2793 948 2855 iusta
977 2798 1036 2854 est.
1081 2789 1234 2852 Transire
1263 2809 1322 2870 per
1349 2807 1464 2872 agrum
1495 2787 1646 2865 alienum,
1670 2787 1720 2852 sas
1748 2789 1830 2853 estt.

438 2897 568 2980 ingredi
598 2898 736 2963 fundum
762 2901 905 2964 alienum
933 2901 1076 2965 uenandi
1104 2920 1227 2978 caussa,
1251 2900 1326 2963 licet
1353 2901 1434 2963 item
1460 2920 1519 2981 per
1544 2899 1692 2982 gentium
1716 2899 1774 2977 ius,
1798 2909 1832 2962 et

439 3033 513 3094 ergo
545 3033 606 3076 nec
637 3013 756 3076 fuerint
788 3014 907 3090 iniusti,
936 3015 962 3076 si
989 3015 1045 3097 qui
1075 3022 1248 3077 transeunt
1276 3013 1372 3076 uenia
1400 3034 1465 3076 non
1493 3014 1607 3095 petita,
1633 3033 1693 3076 nec
1721 3012 1831 3095 prohi-

437 3125 527 3188 bitil.
572 3125 648 3188 Lex
678 3124 757 3189 lacit
786 3127 922 3189 domino
950 3125 1044 3189 fundi
1074 3134 1274 3208 potestatem
1304 3123 1499 3207 prohibendi
1530 3124 1678 3188 uenatori
1708 3124 1830 3205 ingres·

437 3255 518 3298 sum.
563 3233 663 3317 Quod
690 3247 803 3300 contra
829 3246 1037 3319 praesentem
1064 3236 1290 3300 definitionem
1317 3245 1464 3299 nostram
1492 3235 1579 3299 facit.
1631 3234 1721 3297 Nam
1747 3253 1832 3316 quae

440 3347 520 3409 ratio
536 3346 628 3409 fundi
649 3347 769 3429 priuati
786 3349 830 3411 ad
849 3349 1014 3429 priuatum
1034 3356 1103 3424 est;
1127 3348 1244 3410 eadem
1260 3346 1351 3410 fundi
1370 3344 1499 3427 publici,
1514 3344 1675 3421 territorii,
1690 3344 1732 3407 ad
1748 3344 1831 3426 pub-

440 3455 536 3519 licum
556 3477 628 3521 esse
647 3459 784 3523 uidetur.
830 3458 898 3524 Sed
918 3457 1086 3540 responsio
1105 3457 1209 3521 facilis
1227 3467 1288 3521 est.
1331 3455 1432 3538 Quod
1451 3457 1581 3518 diuersa
1601 3455 1668 3518 imo
1685 3455 1729 3518 sit
1749 3453 1832 3517 ratio

441 3568 630 3645 uenationis
656 3578 689 3633 et
713 3571 878 3634 transitus.
935 3569 1029 3635 Sicut
1053 3568 1187 3632 uenatio
1211 3576 1323 3650 posset
1347 3566 1511 3648 prohiberi
1536 3565 1570 3629 in
1594 3566 1705 3640 lund0‚
1729 3564 1776 3628 ita
1799 3575 1832 3629 et

441 3677 563 3742 bellurn
583 3679 616 3742 in
635 3680 817 3746 territorio:
841 3690 878 3744 ut
896 3680 1029 3757 bellum,
1045 3689 1079 3744 et
1094 3678 1227 3742 uenatio
1243 3677 1342 3742 ualde
1360 3686 1437 3740 sunt
1453 3676 1579 3740 similia.
1624 3675 1675 3740 At
1695 3677 1832 3740 transire

441 3787 528 3852 aliud
549 3799 607 3853 est.
638 3799 672 3854 et
690 3791 739 3854 las
762 3800 822 3855 est.
869 3791 1013 3854 Uenatio
1037 3790 1248 3854 incommoda
1274 3797 1324 3852 est
1350 3807 1440 3870 agro.
1484 3787 1658 3852 Transitus
1689 3807 1756 3852 non
1783 3798 1834 3851 est

442 3899 687 3965 incommodus:
711 3911 769 3965 aut
795 3902 822 3966 si
848 3902 1078 3966 incommodus
1104 3910 1163 3979 est,
1187 3901 1253 3964 iam
1280 3920 1340 3965 nec
1367 3901 1567 3964 conceditur.
1612 3900 1713 3983 Quod
1741 3899 1835 3964 nobis

443 4029 506 4072 non
522 4021 626 4090 nocet,
638 4013 732 4077 alteri
747 4015 892 4095 prodest,
904 4034 962 4077 cur
977 4034 1042 4076 non
1058 4011 1314 4077 concederetur?
1344 4012 1395 4076 At
1411 4033 1489 4076 uero
1504 4013 1531 4074 si
1547 4033 1612 4076 non
1629 4011 1836 4089 exercitibus,

443 4130 476 4182 et
489 4123 632 4200 armatis,
644 4133 679 4187 at
694 4123 766 4187 aliis
782 4125 843 4188 iter
857 4124 1056 4206 prohibetur,
1067 4144 1128 4188 nec
1142 4124 1301 4202 hostibus,
1313 4143 1373 4188 nec
1389 4125 1558 4206 suspectis,
1570 4143 1631 4188 nec
1645 4123 1835 4200 criminosis,

443 4249 501 4294 nec
516 4233 694 4297 similibus:
710 4243 791 4313 tum,
803 4235 954 4300 iniuriam
970 4234 1038 4298 fieri
1054 4244 1187 4300 certum.
1215 4235 1316 4298 Liber
1331 4235 1427 4313 enirn,
1440 4245 1473 4298 et
1487 4235 1601 4312 licitus,
1614 4243 1664 4299 est
1679 4234 1835 4298 transitus

507 4468 558 4520 ¹1³.
570 4469 607 4518 M.
620 4470 674 4520 lud.
773 4470 979 4537 ’SophTrach
1086 4473 1163 4537 Ἀρ.
1176 4487 1198 4536 5.
1211 4472 1267 4522 Ciu.
1280 4470 1319 4536 56,
1332 4479 1357 4522 et
1369 4473 1429 4520 Pun.
1529 4472 1620 4535 ‘Aug
1632 4472 1681 4520 Ios.
1693 4486 1717 4538 q.
1732 4471 1769 4518 2⁶.

553 4549 974 4618 ⁸1.3.desusp.ru.(1).26.10).
1039 4551 1087 4607 ⁸c.
1102 4553 1180 4602 ndis.
1195 4567 1215 4601 1.
1286 4550 1719 4616 'l.3.deac.re.d0.(D.41.1);

938 4633 955 4682 l.
969 4632 1006 4685 16.
1018 4635 1050 4684 de
1061 4650 1094 4684 se.
1106 4651 1142 4684 ru.
1153 4651 1190 4699 pr.
1203 4633 1248 4697 (D.
1260 4634 1283 4681 8.
1297 4635 1332 4696 3).

1106 4834 1170 4884 Ma
