4604 5562
501 739 542 802 88
985 751 1188 806 ALBERICI
1214 751 1414 806 GENTILIS

498 997 660 1074 omnibus,
683 1007 794 1060 tamen
818 1017 923 1079 eaque
946 997 1065 1061 dicitur
1087 997 1198 1080 opinio
1225 996 1417 1080 adprobata,
1445 1005 1482 1059 ut
1507 997 1618 1078 quaeri
1641 995 1770 1059 illorum
1791 997 1895 1078 possit

497 1109 669 1191 possessio,
692 1118 727 1173 et
748 1107 875 1191 possint
897 1107 1104 1191 possidentes
1127 1109 1300 1190 prohibere
1322 1109 1403 1172 alios
1426 1107 1490 1172 illis
1513 1107 1560 1170 uti
1570 1105 1590 1170 ¹.
1621 1117 1655 1170 et
1677 1107 1724 1171 ita
1744 1108 1894 1172 Uenetos

497 1240 594 1301 posse
609 1220 782 1303 prohibere
797 1219 879 1284 alios
894 1220 1020 1304 ingredi
1040 1241 1131 1284 mare
1148 1220 1249 1285 illud:
1273 1240 1338 1283 non
1354 1219 1432 1302 quia
1448 1218 1525 1283 iacti
1544 1218 1609 1282 sint
1628 1219 1750 1284 Ueneti
1769 1220 1894 1283 domini

497 1331 604 1404 maris,
623 1329 713 1412 quod
733 1331 765 1394 in
783 1330 931 1395 dominio
950 1351 1022 1394 esse
1044 1331 1166 1413 nequit,
1185 1331 1243 1395 sed
1262 1331 1339 1414 quia
1357 1329 1402 1394 sic
1421 1330 1487 1394 sint
1505 1350 1719 1412 possessores.
1766 1332 1893 1395 Uerum

497 1439 577 1503 mihi
603 1439 714 1522 opinio
740 1459 807 1502 non
832 1439 962 1521 placet:
996 1460 1082 1522 quae
1104 1439 1207 1503 laedit
1233 1460 1293 1521 per
1315 1439 1428 1503 inanes
1454 1438 1550 1521 logos
1576 1441 1626 1503 ius
1652 1449 1797 1504 naturae.
1844 1440 1894 1504 Ut

495 1547 523 1611 si
540 1567 630 1611 mare
645 1555 738 1629 patet
753 1566 812 1630 per
827 1556 979 1610 naturam
995 1548 1158 1626 omnibus,
1170 1548 1203 1611 id
1215 1547 1350 1630 quidem
1366 1545 1474 1611 claudi
1491 1545 1612 1610 nemini
1629 1546 1759 1610 debeat.
1791 1546 1895 1610 Usur-

496 1658 588 1741 patio
611 1657 737 1722 isthaec
760 1666 856 1722 esset.
911 1657 957 1721 Et
979 1659 1234 1740 usurpationem,
1252 1657 1315 1722 hoc
1338 1666 1397 1736 est,
1414 1657 1539 1721 factum
1562 1657 1721 1734 illicitum,
1739 1657 1786 1720 ait
1807 1655 1893 1718 Am-

496 1769 654 1835 brosius².
700 1771 935 1848 Iurisdictione,
951 1773 1156 1854 protectione
1178 1772 1350 1854 potiuntur
1365 1771 1487 1835 Ueneti
1510 1769 1595 1834 illius
1619 1771 1725 1848 maris,
1739 1771 1794 1834 alii
1813 1771 1893 1834 alio-

497 1903 580 1945 rum.
625 1883 671 1946 Et
693 1883 740 1946 sic
762 1879 920 1960 ‘Littora‚
936 1884 969 1946 in
988 1904 1074 1965 quae
1095 1884 1238 1966 populus
1261 1884 1432 1948 Romanus
1455 1883 1627 1964 imperium
1649 1882 1760 1958 habet,
1779 1884 1892 1966 populi

496 1994 663 2058 ‘Romani
685 2015 756 2058 esse
774 1995 913 2058 arbitror
922 1991 955 2058 ³?
1000 1994 1096 2077 Quae
1118 1995 1243 2059 scilicet
1265 2017 1325 2058 usu
1348 1996 1496 2059 omnium
1519 1995 1725 2072 communia;
1748 1995 1893 2076 proprie·

495 2114 566 2169 tate
588 2105 728 2184 nullius;
753 2105 975 2170 iurisdictione
997 2116 1030 2170 et
1053 2106 1258 2190 protectione
1279 2107 1325 2170 sic
1348 2115 1425 2170 sunt
1446 2105 1603 2189 Principis
1612 2104 1635 2168 ⁴.
1682 2105 1737 2169 Sic
1760 2115 1836 2168 sunt
1859 2115 1894 2169 et

495 2216 659 2299 publica⁵.
714 2217 769 2282 Sic
792 2239 878 2302 quae
901 2219 1102 2300 proprietate
1127 2219 1264 2300 priuata,
1287 2239 1347 2282 usu
1371 2218 1514 2301 public0.
1572 2216 1628 2281 Sic
1650 2216 1707 2280 illa
1728 2215 1893 2299 profluens

495 2348 583 2410 aqua
606 2329 790 2393 communis
809 2339 868 2408 est,
884 2339 917 2394 et
941 2330 1049 2413 ipsum
1072 2330 1194 2394 flumen
1217 2350 1283 2393 non
1301 2339 1414 2393 tamen
1437 2348 1613 2392 commune
1635 2337 1696 2392 est.
1742 2328 1789 2392 Et
1806 2348 1893 2410 aqua

495 2440 673 2523 profluenti
690 2441 736 2504 sic
755 2440 877 2504 utimur
894 2461 1018 2520 omnes,
1033 2440 1126 2524 quasi
1145 2441 1209 2505 alia
1226 2440 1373 2523 qualibet
1390 2461 1485 2523 aqua,
1502 2440 1603 2504 etiam
1618 2461 1704 2523 quae
1722 2459 1787 2502 non
1806 2448 1893 2502 esset

496 2553 648 2630 fluminis,
664 2552 766 2617 ueluti
784 2553 827 2616 ad
844 2552 1071 2631 hauriendum,
1087 2553 1130 2616 ad
1152 2551 1339 2630 leuandum,
1356 2553 1398 2616 ad
1417 2553 1614 2635 aquandum.
1659 2551 1763 2634 Aqua
1780 2559 1891 2614 autem

496 2663 597 2727 ueluti
616 2663 760 2728 fluminis
780 2684 840 2728 nec
859 2672 909 2727 est
932 2663 1124 2743 communis,
1143 2673 1177 2727 et
1195 2685 1234 2727 ea
1253 2663 1299 2728 sic
1317 2664 1440 2726 utimur
1460 2683 1526 2726 non
1545 2663 1637 2745 quasi
1658 2661 1813 2745 qualibet,
1833 2659 1891 2725 sed

496 2795 563 2838 non
585 2774 688 2854 aliter,
704 2795 805 2856 quam
827 2775 861 2837 in
883 2774 1029 2852 flumine,
1044 2783 1082 2838 ut
1103 2775 1300 2856 nauigando.
1347 2775 1421 2838 Hoc
1439 2783 1498 2851 est,
1513 2794 1580 2837 non
1603 2775 1636 2836 in
1659 2774 1806 2837 omnium
1822 2793 1891 2853 usu,

495 2887 554 2950 sed
577 2885 657 2950 certi
681 2886 804 2968 populi.
850 2886 938 2950 Illud
966 2895 1015 2950 est
1041 2886 1198 2950 omnium.
1244 2885 1355 2949 Etiam
1380 2885 1529 2948 omnium
1555 2885 1636 2948 illud
1664 2894 1713 2949 est
1740 2885 1773 2948 in
1799 2885 1891 2948 mari.

494 3016 571 3060 nam
600 3017 691 3060 mare
715 2997 810 3061 audis
833 3017 1009 3061 commune
1035 2997 1203 3060 omnium:
1233 2995 1370 3060 flumina
1395 3003 1508 3060 autem
1537 2995 1688 3078 publica:
1720 3005 1754 3058 et
1780 2995 1892 3079 itaque

495 3108 614 3172 amari
632 3108 798 3190 distingui.
844 3108 906 3172 Est
928 3116 1041 3172 autem
1063 3118 1098 3172 et
1120 3107 1154 3171 in
1178 3107 1259 3171 mari
1281 3107 1478 3171 iurisdictio:
1508 3115 1567 3171 aut
1589 3106 1698 3171 nuilus
1720 3106 1893 3170 ulciscetur

494 3219 706 3302 magistratus
738 3217 882 3282 admissa
912 3218 945 3282 in
978 3219 1069 3282 mari.
1125 3217 1192 3283 Sed
1226 3227 1277 3282 est
1312 3227 1347 3282 et
1376 3217 1588 3300 magistratus
1620 3218 1653 3280 in
1687 3217 1800 3282 mari⁶.
1845 3215 1891 3281 Et

494 3330 706 3412 magistratus
730 3329 808 3393 iuris
834 3338 886 3394 est
910 3330 1080 3412 gentium:
1111 3330 1224 3413 itaque
1251 3329 1352 3393 etiam
1380 3329 1568 3394 iurisdictio,
1614 3328 1660 3392 Et
1683 3329 1802 3411 itaque,
1826 3330 1891 3393 sint

494 3442 559 3505 ista
580 3441 703 3523 ubique
725 3461 859 3506 necesse
882 3450 941 3506 est.
987 3439 1087 3505 Porro
1110 3441 1322 3523 magistratus
1342 3460 1381 3503 ac
1399 3439 1631 3504 iurisdictionis
1649 3439 1775 3504 ratione
1792 3439 1891 3504 tribui

493 3551 633 3635 Principi
652 3551 793 3636 plurima
811 3551 844 3615 in
863 3553 953 3631 mari,
970 3553 1054 3616 sicut
1073 3561 1106 3616 et
1124 3553 1158 3614 in
1176 3560 1271 3630 terra,
1287 3550 1320 3614 id
1339 3559 1465 3615 certum
1486 3559 1544 3627 est,
1561 3559 1595 3614 et
1613 3551 1689 3613 iuris
1708 3549 1890 3634 explorati:

493 3683 579 3745 quae
609 3683 708 3728 nemo
737 3662 963 3746 subterfugiet,
993 3662 1049 3746 qui
1077 3663 1219 3745 nauiget.
1265 3661 1342 3744 lpse
1374 3659 1546 3744 Princeps,
1559 3661 1586 3722 si
1616 3681 1706 3724 mare
1732 3672 1831 3743 neget
1858 3661 1891 3724 in

492 3773 633 3856 reliquis,
657 3775 881 3839 commonebit
903 3775 1027 3838 bellum
1051 3775 1084 3838 in
1107 3795 1161 3838 se:
1192 3774 1283 3855 quod
1305 3773 1446 3837 inferent
1468 3773 1553 3836 iuste
1575 3772 1630 3852 illi,
1653 3773 1780 3855 quibus,
1801 3773 1890 3855 quod

491 3885 607 3949 tribuit
624 3893 750 3970 natura,
769 3894 878 3967 negat.
922 3884 1007 3968 Agit
1025 3885 1173 3966 priuatus
1192 3885 1379 3948 iniuriarum
1398 3905 1458 3966 pro
1476 3881 1527 3946 his
1545 3885 1634 3966 apud
1653 3883 1890 3966 magistratum.

492 4013 558 4058 non
585 3995 733 4076 priuatus
761 3995 860 4077 igitur
889 3995 1012 4058 bellum
1045 3993 1140 4058 insert
1150 3993 1173 4056 ⁷.
1219 3994 1265 4057 Et
1294 4003 1425 4058 tantum
1456 3994 1499 4057 de
1528 3993 1731 4058 naturalibus
1760 3993 1890 4057 caussis

493 4105 614 4168 Restat
636 4105 678 4170 de
699 4103 863 4169 humanis.

817 4305 826 4334 ¹
843 4307 910 4370 Ang.
921 4319 989 4355 cons.
1004 4318 1059 4371 290.
1255 4302 1266 4332 ¹
1281 4304 1371 4354 Ambr.
1384 4317 1406 4355 r.
1417 4304 1449 4354 de
1463 4302 1513 4354 Off.
1527 4305 1565 4354 28.

490 4386 534 4440 ³1.
553 4403 575 4452 3.
592 4403 664 4454 neq.
681 4388 706 4439 in
723 4387 758 4439 lo.
775 4403 800 4454 p.
819 4387 865 4452 (D.
882 4403 923 4453 43.
940 4387 982 4450 8);
1008 4387 1065 4437 Ale.
1083 4386 1101 4438 l.
1119 4401 1142 4450 5.
1159 4386 1191 4437 de
1207 4385 1263 4436 iust.
1281 4387 1327 4451 (D.
1346 4401 1368 4436 r.
1388 4388 1430 4450 r);
1455 4385 1528 4437 Alex.
1547 4399 1733 4450 2.cons.194;
1756 4383 1850 4434 Bartol.
1868 4394 1891 4447 7.

507 4471 584 4522 dedi.
596 4487 629 4521 re.
642 4471 688 4535 (D.
702 4485 724 4521 1.
736 4471 781 4533 8.).
887 4469 969 4519 *BaL
981 4467 998 4518 l.
1012 4482 1034 4519 ι.
1044 4469 1076 4519 de
1087 4468 1120 4520 di.
1133 4485 1166 4519 re.
1179 4468 1225 4532 (D.
1239 4483 1260 4518 1.
1272 4470 1315 4532 8);
1333 4469 1399 4532 Aug.
1411 4468 1464 4518 nt
1478 4483 1500 4532 3.
1513 4483 1544 4518 ne
1555 4466 1660 4532 q.inlo.
1673 4483 1714 4532 pu.
1729 4463 1774 4532 (D.
1786 4479 1826 4530 43.
1837 4467 1874 4529 8).

505 4551 548 4602 ⁶1.
561 4565 601 4614 23.
614 4569 637 4615 4.
648 4569 679 4604 ne
690 4550 796 4620 q.inlo.
808 4567 849 4618 μς
866 4551 883 4602 l.
897 4551 961 4603 1.de
973 4551 998 4602 fl.
1010 4551 1056 4614 (D.
1067 4565 1108 4616 43.
1124 4551 1181 4613 rn);
1197 4551 1216 4601 l.
1228 4563 1268 4614 30.
1281 4551 1320 4602 de.
1332 4551 1372 4600 ad.
1384 4566 1417 4600 re.
1429 4550 1471 4600 do.
1484 4549 1529 4611 (D.
1544 4564 1584 4614 41.
1597 4549 1638 4612 r);
1656 4550 1724 4600 Don.
1737 4566 1760 4610 4.
1772 4564 1837 4598 com.
1851 4561 1873 4599 a.

721 4631 765 4685 ¹1.
777 4649 800 4684 n.
812 4633 842 4685 de
854 4649 890 4684 or.
902 4635 934 4683 iu.
947 4633 994 4698 (D.
1008 4647 1029 4684 r.
1045 4633 1080 4696 a).
1279 4631 1323 4682 'l.
1337 4647 1375 4696 13.
1386 4631 1417 4683 de
1428 4631 1486 4682 iniu.
1499 4631 1546 4695 (D.
1557 4640 1597 4694 47.
1612 4632 1662 4694 ro).
