4456 5566
505 671 545 738 18
989 681 1189 736 ALBERICI
1217 680 1416 734 GENTILIS

507 917 765 1002 Corcyrensibus
777 915 984 1000 responsum¹
999 917 1186 1000 accepimus
1198 915 1454 1000 prouocantibus
1465 916 1508 981 ad
1521 915 1677 980 inermem
1689 916 1902 1000 disceptatio·

506 1051 591 1108 nem,
607 1038 767 1112 occupata
783 1028 905 1094 dimitti
926 1030 1015 1111 prius
1037 1039 1198 1112 oportere.
1228 1038 1384 1112 expectat
1407 1029 1494 1092 enim
1511 1028 1666 1092 iudicium
1686 1030 1727 1092 de
1745 1037 1826 1108 tuto,
1844 1029 1900 1112 qui

507 1141 664 1226 possidet.
710 1140 787 1222 Ipse
807 1160 864 1204 rex
886 1141 1107 1222 respondebat
1128 1162 1194 1206 non
1215 1140 1314 1222 longe
1329 1139 1413 1219 hinc,
1430 1139 1518 1202 nolle
1533 1159 1569 1203 se
1583 1141 1625 1203 ab
1641 1140 1740 1203 armis
1755 1159 1901 1205 cessare:

506 1273 584 1316 nam
612 1261 744 1333 tempus
767 1251 896 1315 interim
921 1251 1103 1316 elaberetur
1126 1255 1348 1330 commodum,
1370 1252 1459 1334 quod
1484 1260 1555 1315 tum
1581 1251 1615 1314 in
1641 1251 1792 1314 manibus
1816 1261 1902 1316 esset

507 1363 603 1426 rebus
620 1362 768 1445 agendis,
814 1361 892 1424 Non
914 1363 960 1427 sic
979 1372 1029 1426 est
1048 1363 1132 1426 inter
1154 1364 1250 1426 ciues.
1279 1371 1314 1426 at
1333 1361 1497 1444 possessio
1519 1361 1609 1423 omni
1628 1371 1776 1425 sematur
1797 1363 1901 1444 possi·

506 1472 606 1550 denti,
622 1473 727 1537 donec
747 1474 791 1536 de
814 1493 848 1536 re
871 1472 980 1536 uincat
1002 1473 1093 1549 alius,
1110 1475 1201 1537 etde
1217 1472 1433 1555 possessione.
1478 1471 1597 1554 Neque
1618 1472 1704 1534 enim
1721 1474 1901 1537 uerendum

507 1595 565 1662 est,
574 1583 652 1667 quin
668 1582 766 1648 saciat
782 1584 1005 1648 conditionem
1021 1582 1190 1648 meliorem
1206 1603 1299 1647 suam
1314 1605 1335 1647 a
1351 1591 1469 1664 coepta
1484 1582 1560 1647 lite:
1577 1592 1611 1647 et
1622 1583 1701 1666 quin
1716 1603 1782 1648 non
1798 1583 1903 1667 possit

506 1716 636 1778 semper
651 1694 693 1758 de
709 1694 915 1777 possessione
934 1694 1052 1758 deduci
1068 1716 1087 1759 a
1105 1695 1307 1776 magistratu.
1352 1693 1478 1758 Uemm
1500 1693 1562 1768 hic,
1579 1695 1634 1776 qui
1656 1714 1792 1776 regnum
1813 1705 1903 1759 tene·

506 1808 565 1871 bat
578 1808 778 1884 Lusitaniae,
790 1805 958 1870 Antonius
974 1806 1000 1870 si
1017 1806 1049 1869 in
1065 1805 1279 1888 possessione,
1292 1807 1372 1870 dum
1388 1805 1527 1870 ciuiliter
1541 1808 1799 1884 contenderetur,
1812 1807 1903 1871 relic·

508 1927 561 1982 tus
582 1917 705 1996 suisset,
722 1915 810 1980 illinc
831 1917 977 1980 deiectus
998 1928 1113 1999 postea
1136 1936 1305 1999 nunquam
1328 1916 1451 1982 suisset.
1495 1915 1610 1999 Atque
1631 1917 1820 1982 similimum
1845 1927 1903 1996 est,

508 2028 598 2110 quod
620 2028 755 2091 tradunt
772 2025 982 2109 Iurisperiti²,
999 2047 1062 2091 nou
1085 2049 1157 2092 esse
1178 2027 1355 2110 spoliatum
1380 2027 1617 2091 restituendum
1636 2037 1714 2092 ante
1732 2029 1851 2108 omnia,
1867 2037 1902 2093 ut

509 2147 559 2202 est
581 2138 691 2220 regula
710 2137 939 2202 fundatissima
958 2147 1080 2216 tamen,
1096 2140 1121 2202 si
1139 2138 1225 2202 sacta
1243 2139 1449 2202 restitutione
1464 2148 1550 2202 esset
1566 2139 1686 2202 deinde
1702 2140 1903 2221 recuperatio

508 2249 696 2328 difficilima,
712 2259 745 2314 et
760 2248 862 2313 ferme
878 2249 1097 2330 impossibilis.
1144 2249 1278 2312 Etenim
1295 2250 1351 2313 ubi
1366 2260 1416 2314 est
1431 2251 1590 2313 damnum
1606 2249 1822 2333 irreparabile,
1838 2270 1902 2314 non

510 2363 559 2426 ius
575 2361 750 2442 sequimur.
797 2359 841 2423 Et
856 2360 941 2424 sorte
956 2361 1055 2424 etiam
1073 2379 1180 2442 neque
1196 2361 1349 2443 componi
1370 2361 1478 2424 uerbis
1500 2369 1570 2423 tum
1594 2369 1704 2443 potest
1725 2381 1783 2439 res,
1801 2381 1902 2444 quum
1918 2429 1923 2438 ,

509 2491 570 2535 nec
585 2471 693 2566 uerbis
715 2471 815 2534 laesio
830 2471 944 2552 praeit.
975 2480 1011 2535 ut
1032 2471 1077 2534 sic
1092 2469 1298 2535 Archidamo
1319 2491 1511 2553 responsum
1532 2471 1601 2555 fuit,
1617 2473 1716 2536 armis
1737 2472 1904 2535 uindican-

510 2583 582 2658 dos
605 2581 660 2664 qui
684 2581 764 2645 laesi
783 2581 890 2644 uerbis
912 2602 977 2644 non
1002 2592 1119 2646 essent.
1164 2581 1215 2646 At
1239 2581 1292 2646 hic
1316 2591 1428 2646 tamen
1451 2583 1558 2646 uerius
1580 2593 1693 2660 contra
1716 2593 1786 2648 est:
1817 2583 1904 2648 sacta

509 2692 611 2756 deleri
634 2691 742 2756 uerbis
764 2699 922 2774 possunt:
947 2691 1104 2774 falsaque,
1126 2702 1159 2755 et
1182 2692 1386 2756 detestabilis
1409 2695 1497 2774 prior
1518 2695 1637 2776 opinio,
1661 2704 1695 2758 et
1717 2693 1807 2776 uulgi
1826 2693 1904 2758 est-³.

511 2804 557 2867 Et
585 2824 624 2866 ea
649 2823 778 2886 quoque
806 2822 866 2865 nec
892 2804 1069 2883 respondet
1095 2802 1277 2883 quaestioni
1308 2811 1437 2867 nostrae
1467 2805 1644 2886 responsio
1697 2805 1750 2868 De
1780 2805 1905 2868 ratione

510 2913 715 2996 disceptandi
730 2912 916 2995 quaerimus
932 2917 1000 2990 nos,
1016 2912 1139 2976 nonde
1155 2913 1351 2990 uindicandi‚
1367 2922 1400 2976 et
1415 2914 1580 2994 puniendi.
1619 2914 1904 2997 Disceptationem

511 3026 636 3109 absque
653 3024 684 3087 ui
701 3024 945 3088 desideramus:
970 3023 1025 3086 ubi
1049 3024 1169 3087 iustam
1192 3023 1298 3088 serant
1321 3025 1402 3089 aditi
1420 3025 1532 3089 arbitri
1555 3027 1775 3090 sententiam:
1800 3036 1833 3090 et
1856 3027 1904 3089 in-

510 3138 678 3214 damnent‚
700 3135 790 3219 quod
814 3135 890 3198 iuris
909 3155 981 3198 esse
1004 3135 1197 3221 censuerint.
1244 3134 1355 3218 Quum
1379 3137 1411 3199 in
1435 3157 1503 3216 nos,
1525 3136 1579 3200 uel
1603 3137 1634 3200 in
1655 3147 1783 3202 nostros
1805 3140 1905 3202 armis

510 3249 626 3331 agitur,
642 3247 855 3330 disputationi
875 3245 965 3309 locus
982 3245 1122 3309 iudiciali
1139 3266 1204 3310 non
1221 3245 1326 3310 luerit.
1356 3247 1529 3330 indignum
1545 3249 1699 3313 iudicium
1718 3249 1904 3314 huiusmodi

511 3360 630 3424 dicitur
643 3360 733 3441 apud
749 3358 991 3440 Thucydidem.
1036 3355 1151 3438 Atque
1166 3357 1213 3420 ita
1227 3377 1361 3422 caussae
1375 3358 1459 3422 aliae
1473 3379 1544 3424 esse
1559 3369 1706 3442 possunt,
1723 3379 1781 3424 cur
1795 3380 1905 3424 neces·

511 3472 595 3536 sario
617 3472 660 3534 ad
684 3469 760 3546 uim,
776 3478 809 3533 et
831 3489 923 3532 arma
946 3468 1181 3532 descendatur:
1208 3476 1242 3532 et
1265 3478 1403 3550 possunt
1426 3469 1509 3534 aliae
1531 3491 1612 3550 esse,
1630 3491 1687 3536 cur
1708 3471 1906 3536 descendere

511 3583 553 3646 ad
584 3602 676 3646 arma
707 3581 842 3645 minime
873 3599 1006 3644 necesse
1035 3580 1089 3644 sit.
1136 3579 1321 3644 Sexcentas
1350 3580 1396 3644 ait
1426 3580 1586 3661 Alciatus,
1612 3602 1669 3645 cur
1698 3581 1810 3645 uenire
1839 3601 1905 3645 non

511 3701 663 3775 oporteat
685 3693 727 3756 ad
749 3691 917 3756 duellum:
949 3700 982 3755 et
1001 3691 1163 3774 quasdam
1188 3693 1287 3755 etiam
1307 3693 1463 3775 exprimit
1473 3691 1495 3758 ⁴.
1540 3692 1636 3776 Quae
1658 3713 1776 3758 causae
1799 3693 1906 3776 legem

511 3802 602 3866 illam
617 3822 676 3885 per
692 3802 808 3867 Italiae
824 3802 1009 3885 municipia,
1021 3811 1057 3866 ut
1073 3804 1322 3882 controuersiae,
1338 3823 1423 3885 quae
1439 3805 1523 3868 inter
1538 3804 1735 3870 necessarios
1750 3805 1906 3880 oriuntur,

511 3914 554 3978 ad
571 3913 709 3977 arbitros
723 3913 919 3990 deserantur,
936 3913 1103 3995 effugiunt,
1119 3934 1178 3977 eae
1192 3913 1313 3978 sacient
1332 3925 1365 3978 et
1381 3915 1433 3979 hic
1452 3935 1560 3998 saepe,
1576 3925 1613 3981 ut
1627 3918 1669 3982 ad
1685 3917 1825 3980 arbitros
1841 3936 1906 3980 non

513 4033 614 4088 eatur.
659 4024 705 4088 Et
720 4022 773 4087 hic
788 4034 905 4104 potens
920 4023 977 4088 illa
992 4033 1050 4103 est,
1066 4026 1154 4107 quod
1171 4026 1278 4089 caueri
1294 4027 1374 4089 satis
1392 4046 1459 4090 non
1480 4029 1585 4110 possit
1606 4029 1649 4092 de
1671 4027 1907 4094 sententiarum

513 4133 718 4200 executione.
763 4132 846 4216 Quis
868 4134 1061 4198 alterutmm
1085 4145 1182 4217 coget
1205 4145 1363 4214 nostrum,
1379 4138 1434 4219 qui
1455 4139 1626 4203 conuentis
1642 4149 1730 4204 stare
1746 4137 1907 4205 noluerit?

513 4245 644 4308 dicebat
660 4243 835 4325 Augustus
851 4244 1008 4310 Antonio.
1056 4247 1100 4310 Et
1116 4247 1197 4312 haec
1213 4258 1324 4312 tamen
1341 4268 1456 4313 caussa
1472 4269 1537 4314 non
1554 4262 1672 4333 potens
1693 4261 1745 4317 est
1764 4253 1844 4316 sola.
1872 4263 1908 4316 ut

710 4503 717 4534 ¹
736 4501 814 4554 Thuc.
826 4504 870 4555 lib.
885 4518 905 4554 1.
918 4521 939 4554 c.
954 4503 991 4553 18.
1133 4505 1142 4534 ²
1159 4505 1214 4556 Alc.
1228 4521 1250 4570 5.
1263 4523 1329 4558 cons.
1345 4522 1398 4572 ¹3²·
1413 4509 1468 4573 136.
1480 4517 1504 4560 et
1516 4509 1560 4562 lib.
1572 4511 1594 4562 6.
1607 4527 1675 4563 cons.
1690 4521 1711 4575 7.

596 4586 607 4617 ⁸
623 4583 679 4637 Alc.
691 4583 723 4636 de
733 4586 784 4637 Sin.
796 4587 852 4637 Cer.
863 4599 877 4650 5
884 4601 892 4643 ;
910 4586 987 4636 Arist.
1001 4599 1022 4637 a.
1036 4586 1084 4636 Rh.
1096 4601 1118 4636 c.
1132 4601 1153 4638 2.
1328 4589 1337 4620 ⁴
1354 4591 1408 4641 Alc,
1421 4593 1453 4642 de
1464 4593 1514 4643 Sin.
1527 4593 1581 4644 Cer.
1594 4609 1616 4645 c.
1631 4595 1668 4642 28.
1680 4602 1704 4644 et
1716 4593 1828 4661 praeced.
