4604 5562
971 665 1174 720 ALBERICI
1202 665 1292 718 GEN
1294 666 1320 718 T
1317 665 1403 718 ILIS

486 908 544 970 ‘et
570 906 778 986 opinionibus
805 906 1044 972 contrarium¹.’
1101 909 1146 972 Et
1177 908 1349 986 Siracides,
1376 907 1489 972 ‘Ante
1515 879 1655 970 mortem
1682 906 1817 970 beatum
1845 928 1886 971 ne

486 1017 680 1098 ‘praedices
704 1038 912 1100 quemquam.
937 1020 1037 1083 etiam
1063 1019 1105 1084 de
1132 1019 1242 1084 liberis
1268 1021 1335 1085 suis
1360 1021 1409 1084 uir
1428 1015 1657 1102 agnoscitur².’
1700 1016 1816 1100 Atque
1841 1020 1887 1082 ita

486 1129 584 1192 istam
608 1139 735 1212 partem
752 1131 865 1213 probo

1062 1350 1150 1423 Cas.
1182 1350 1314 1424 XXV.

829 1519 889 1592 Da
912 1520 1057 1592 honesta
1083 1544 1211 1592 caussa
1238 1519 1323 1590 belli
1346 1519 1539 1614 inferendi.

531 1701 724 1766 SUPERES‘T
748 1725 812 1768 una
836 1725 921 1768 nunc
947 1703 1098 1787 quaestio
1124 1705 1166 1766 de
1193 1702 1332 1766 honesta
1358 1702 1436 1766 belli
1463 1703 1622 1767 inferendi
1646 1725 1770 1768 caussa.
1802 1725 1886 1787 quae

486 1813 601 1877 itidem
627 1815 755 1896 cogitur
777 1837 797 1878 a
823 1815 917 1879 nobis
943 1815 985 1878 ad
1013 1813 1146 1891 bellum,
1166 1815 1256 1897 quod
1284 1835 1327 1877 ex
1355 1814 1445 1877 nulla
1471 1825 1581 1879 nostra
1607 1816 1736 1898 priuata
1761 1838 1885 1890 caussa,

486 1926 545 1988 sed
572 1928 739 1990 communi
766 1928 899 2006 ratione,
927 1935 959 1990 et
985 1947 1046 2008 pro
1072 1926 1144 1990 aliis
1170 1927 1354 2008 suscipitur.
1410 1926 1498 1991 Ecce
1523 1927 1584 1995 tibi
1611 1929 1638 1991 si
1666 1929 1721 2010 qui
1748 1937 1887 2010 peccant

487 2037 658 2100 euidenter
683 2047 798 2102 contra
825 2038 914 2121 leges
940 2049 1076 2103 naturae
1106 2049 1139 2102 et
1164 2039 1345 2115 hominum,
1371 2037 1432 2102 hos
1457 2039 1597 2102 coerceri
1628 2017 1717 2103 bello
1742 2060 1840 2121 posse
1867 2062 1887 2103 a

486 2147 643 2228 quolibet,
667 2169 729 2232 ego
752 2159 843 2231 puto.
889 2151 938 2215 Ut
963 2150 1096 2214 honoris
1122 2150 1316 2232 amplissimi
1343 2169 1423 2228 esse,
1450 2150 1555 2232 inquit
1582 2150 1706 2229 Cicero,
1732 2172 1886 2216 accusare

487 2259 665 2341 improbos.
696 2281 827 2343 semper
842 2282 916 2325 earn
935 2281 1084 2325 caussam
1103 2260 1281 2343 plurimum
1299 2261 1451 2324 ualuisse.
1481 2282 1614 2343 semper
1631 2282 1705 2326 earn
1724 2263 1885 2327 rationem

487 2372 662 2435 accusandi
681 2371 781 2436 fuisse
800 2372 1075 2451 honestissimam,
1093 2393 1154 2454 pro
1173 2373 1276 2446 sociis,
1295 2392 1356 2454 pro
1374 2372 1480 2434 salute
1500 2373 1696 2454 prouinciae,
1713 2395 1773 2456 pro
1791 2384 1885 2438 exte-

450 2557 451 2562 *
488 2475 595 2545 rarum
622 2483 793 2546 nationum
820 2485 1003 2549 commodis
1029 2483 1215 2548 inimicitias
1239 2485 1412 2565 suscipere,
1439 2483 1480 2546 ad
1512 2484 1693 2565 periculum
1723 2488 1886 2563 accedere,

488 2613 631 2675 operam,
655 2595 810 2672 studium,
834 2594 981 2658 laborem
1008 2595 1215 2676 interponere
1225 2593 1246 2658 ³.
1301 2594 1347 2656 Et
1373 2594 1420 2657 ita
1446 2595 1546 2658 etiam
1570 2575 1774 2674 Plutarchus,
1796 2598 1885 2680 quod

488 2724 555 2767 non
576 2704 720 2786 ignobile
743 2707 888 2770 studium
907 2707 1103 2783 accusandi3
1127 2715 1160 2768 et
1179 2707 1268 2787 quod
1287 2705 1407 2768 iudicia
1429 2705 1570 2787 publica,
1589 2718 1622 2770 et
1640 2728 1769 2771 reorum
1788 2728 1884 2771 accu-

488 2817 633 2880 sationes
656 2818 702 2882 sic
724 2816 777 2880 uel
799 2819 842 2881 ad
866 2817 1052 2900 eloqentiae
1081 2817 1228 2881 studium
1255 2817 1404 2880 instituta
1429 2818 1604 2881 iuuenibus
1631 2829 1739 2883 essent
1749 2817 1771 2883 ⁴.
1817 2819 1885 2883 Sed

488 2929 535 2993 sic
560 2930 604 2992 ad
631 2930 837 3013 punitionem
867 2919 1050 3008 criminum,
1076 2949 1144 2992 rem
1171 2928 1370 3010 reipublicae
1396 2928 1644 2993 saluberrimam
1675 2939 1709 2993 et
1740 2932 1886 2994 maxime

488 3041 703 3105 necessariam
735 3042 933 3124 peruenitur.
988 3040 1081 3104 Alibi
1107 3041 1228 3123 cupido
1255 3041 1431 3104 damnatur
1456 3041 1652 3105 accusandi:
1686 3052 1719 3105 et
1747 3043 1885 3106 merito:

487 3155 564 3236 quia
587 3141 710 3217 iustitia
732 3152 797 3217 illic
820 3173 886 3216 non
909 3162 967 3230 est,
983 3153 1039 3216 ubi
1062 3152 1183 3235 cupido
1199 3173 1246 3214 ea
1267 3161 1317 3214 est
1327 3151 1349 3214 ⁶.
1395 3150 1596 3214 ‘Diabolus’
1613 3150 1733 3237 (inquit
1751 3153 1886 3237 Augus-

487 3261 588 3349 tinus)
599 3269 605 3296 ‘
616 3274 786 3328 accusator
801 3265 939 3341 dicitur;
959 3283 1025 3326 non
1039 3263 1116 3345 quia
1132 3283 1229 3326 nemo
1245 3263 1349 3344 possit
1364 3262 1450 3325 bene
1464 3283 1636 3326 accusare:
1656 3267 1714 3328 sed
1730 3267 1886 3348 quoniam

487 3376 663 3440 ‘diabolus
689 3387 781 3440 amat
814 3397 967 3440 accusare
977 3372 1009 3440 ⁶.'
1067 3374 1197 3456 Cupido
1228 3374 1327 3456 igitur
1353 3373 1439 3437 absit
1468 3373 1623 3451 bellandi,
1648 3385 1682 3439 et
1707 3376 1832 3440 bellum
1859 3378 1886 3440 si

487 3497 640 3553 mouetur
665 3490 841 3553 aduersum
870 3488 1046 3571 improbos,
1068 3486 1191 3551 bellare
1217 3505 1283 3548 non
1310 3495 1360 3548 est
1386 3495 1491 3566 turpe.
1546 3485 1603 3550 ‘Si
1627 3487 1736 3570 aliqua
1758 3497 1887 3552 terrena

478 3604 495 3650 -‘
510 3601 625 3664 ciuitas
640 3602 829 3664 decerneret
845 3600 967 3664 scelera
981 3599 1145 3681 quaedam
1162 3617 1282 3679 magna
1298 3595 1374 3674 fieri,
1395 3597 1594 3661 decernente
1608 3619 1727 3679 genere
1742 3599 1897 3672 humano¹

487 3713 688 3776 ‘euertenda
711 3708 825 3776 soretz’
855 3713 900 3776 sic
923 3710 1133 3792 Augustinus
1142 3708 1164 3773 ⁷.
1210 3710 1256 3772 Et
1279 3709 1390 3790 itaque
1409 3707 1539 3771 illorum
1562 3710 1760 3774 sententiam
1782 3712 1887 3793 probo

488 3825 602 3904 magis,
617 3824 673 3905 qui
692 3824 811 3886 iustam
831 3823 944 3886 dicunt
962 3841 1111 3886 caussam
1132 3820 1378 3902 Hispanorum:
1402 3819 1482 3883 dum
1500 3819 1625 3884 faciunt
1645 3821 1737 3885 Indis
1755 3822 1886 3900 bellum,

487 3935 543 4014 qui
559 3934 751 3996 concubitus
769 3934 928 3998 nefandos
944 3943 1067 3998 etcum
1084 3932 1197 3995 bestiis
1213 3931 1431 3995 exercebant:
1456 3941 1490 3996 et
1506 3934 1562 4014 qui
1583 3953 1697 3997 carnes
1717 3932 1887 4012 humanas,

488 4043 675 4107 hominibus
699 4045 732 4106 in
755 4044 787 4107 id
812 4046 973 4122 mactatis,
991 4044 1211 4108 comedebant
1221 4042 1242 4107 ⁸.
1288 4043 1375 4107 Sunt
1397 4043 1486 4107 enim
1511 4044 1593 4108 haec
1617 4054 1752 4126 peccata
1774 4055 1888 4110 contra

489 4147 640 4218 naturam
666 4154 801 4217 humani
828 4155 985 4238 generisl.
1023 4154 1087 4222 ,Et
1115 4155 1161 4217 ita
1186 4154 1340 4246 omnibus
1366 4164 1504 4237 peccata
1530 4157 1683 4238 cognita:
1716 4156 1777 4219 nisi
1803 4156 1888 4220 sorte

488 4288 555 4336 non
578 4268 710 4350 cognita
732 4266 837 4330 brutis
860 4275 936 4330 sunt
957 4265 1191 4340 animantibus,
1212 4275 1245 4328 et
1267 4251 1456 4330 hominibus
1479 4267 1591 4331 brutis.
1635 4266 1751 4350 Atque
1774 4277 1888 4332 contra

524 4507 784 4558 ¹Arist.1.Eth.ro.
850 4505 997 4556 ²Eccl.11¹
1062 4505 1141 4555 ³cic.
1154 4505 1212 4556 Ver.
1227 4521 1248 4556 r.
1315 4505 1505 4557 *PlutLucul
1572 4507 1652 4560 ⁵Cic.
1667 4508 1847 4571 a.de0ff.14.

556 4592 801 4656 ⁸Aug.Nu.q.49.
850 4589 944 4653 'Aura
957 4603 979 4652 5.
991 4590 1020 4638 de
1032 4587 1087 4638 Ciu.
1137 4587 1229 4639 'Vict
1243 4603 1266 4652 5.
1279 4589 1372 4640 Relect.
1422 4589 1833 4650 'Clar.§Fomic.et§Sodom.
1934 4640 1936 4646 ,
