4604 5562
788 660 849 714 DE
878 659 982 715 IURE
1011 661 1146 730 BELLI,
1176 661 1254 717 LIB.
1278 662 1303 730 l,
1337 660 1425 716 CAP.
1448 661 1562 718 XXIV.
1816 667 1876 737 115

477 906 617 982 crimine,
648 907 839 990 praesertim
870 927 948 972 uero
981 908 1008 970 si
1042 906 1100 970 filii
1130 916 1218 972 recte
1248 907 1428 989 puniantur
1456 918 1593 990 propter
1621 910 1724 991 patris
1754 909 1879 974 crimen

477 1018 666 1082 maiestatis.
713 1019 767 1082 De
784 1040 850 1102 qua
869 1018 1003 1102 quidem
1022 1019 1263 1101 disceptatione
1281 1018 1387 1082 afferri
1410 1019 1475 1084 huc
1498 1021 1531 1084 in
1550 1030 1726 1104 utramque
1747 1031 1878 1104 partem

476 1127 615 1209 plurima
644 1139 793 1211 possunt.
850 1129 1005 1194 Ceterum
1029 1129 1118 1211 quod
1141 1130 1309 1212 proprium
1333 1139 1383 1193 est
1406 1132 1586 1212 praesentis
1609 1132 1820 1215 quaestionis,
1842 1143 1879 1197 tu

475 1247 576 1317 notes,
599 1239 811 1304 Plutarchum
838 1240 905 1305 late
927 1235 1012 1304 tue'ri
1038 1239 1220 1304 uindictam
1246 1239 1336 1303 illam
1360 1239 1547 1306 Alexandri
1575 1243 1608 1305 iu
1635 1242 1721 1307 libro
1743 1243 1786 1308 de
1807 1264 1881 1310 sera

476 1351 617 1414 numinis
639 1352 796 1417 uindicta.
843 1351 889 1416 Et
909 1372 987 1416 uero
1010 1361 1047 1415 ut
1070 1353 1279 1417 decessorum
1301 1352 1399 1415 bonis
1421 1372 1625 1418 successores
1645 1354 1717 1432 frui,
1735 1373 1879 1438 aequum

475 1471 603 1544 putant,
625 1471 659 1526 et
687 1473 738 1528 est
764 1484 917 1546 aequum,
939 1473 1042 1546 atque
1071 1464 1114 1528 de
1145 1463 1289 1546 indignis
1311 1483 1444 1547 quoque
1468 1467 1709 1532 successoribus
1731 1468 1881 1534 defendit

476 1571 611 1651 Seneca,
629 1575 676 1638 ita
699 1575 812 1639 debita
835 1575 1048 1640 incommoda
1070 1575 1231 1639 sustinere
1254 1574 1355 1638 iidem
1378 1595 1581 1640 successores
1603 1578 1700 1642 simul
1724 1579 1848 1644 debent
1857 1577 1879 1642 ¹.

476 1682 568 1749 Haec
584 1694 635 1748 est
651 1686 763 1768 regula
780 1697 915 1751 naturae
924 1684 946 1751 ².
991 1686 1038 1750 Et
1056 1685 1174 1750 Persae
1191 1685 1247 1763 illi,
1265 1685 1385 1768 quibus
1404 1686 1528 1751 bellum
1547 1687 1657 1752 intulit
1672 1687 1878 1766 Alexander,

475 1815 547 1859 cum
567 1795 727 1862 haberent
743 1798 840 1862 urbes
858 1797 940 1875 illas,
955 1807 989 1862 et
1006 1798 1095 1861 bona
1113 1797 1237 1880 reliqua
1255 1818 1276 1861 a
1297 1797 1484 1876 maioribus,
1499 1799 1555 1881 qui
1576 1797 1748 1865 Graeciam
1768 1811 1879 1865 uasta-

475 1917 570 1972 runt:
603 1909 683 1972 nihil
705 1919 764 1989 est,
787 1930 844 1974 cur
866 1908 1060 1992 reprehendi
1084 1908 1195 1972 ualeat
1217 1908 1423 1973 Alexander.
1482 1909 1641 1993 Quinimo
1663 1932 1739 1976 cum
1762 1913 1881 1978 ciuitas

475 2020 680 2103 populusque
699 2032 848 2104 tempore
866 2041 933 2084 non
952 2028 1108 2097 mutetur,
1126 2019 1185 2083 sed
1209 2019 1415 2084 successione
1433 2020 1522 2084 idern
1547 2022 1600 2097 sit,
1621 2023 1676 2104 qui
1699 2023 1779 2087 olim
1798 2023 1879 2088 luit:

475 2139 510 2194 ut
532 2130 595 2196 hoc
619 2132 691 2198 loco
716 2131 911 2197 Plutarchus
933 2133 1071 2214 scripsit,
1088 2141 1121 2195 et
1139 2130 1347 2208 Aristoteles,
1367 2141 1401 2196 et
1420 2132 1522 2196 nostri
1541 2133 1761 2199 iurisconsulti
1779 2156 1880 2220 gene·

475 2242 585 2306 raliter
602 2244 828 2309 tradiderunt:
855 2243 889 2306 hi
912 2244 1061 2326 prolecto
1083 2243 1205 2324 posteri
1229 2262 1296 2306 non
1318 2251 1388 2306 tam
1407 2262 1467 2325 pro
1484 2243 1602 2323 alieno,
1620 2265 1721 2327 quam
1742 2267 1802 2329 pro
1819 2268 1881 2312 suo

475 2356 590 2419 merito
605 2356 810 2438 accipiuntur
818 2355 839 2420 ³.
885 2355 930 2420 Et
949 2357 994 2421 ita
1012 2356 1114 2422 etiam
1131 2356 1301 2433 Isocrates,
1316 2355 1405 2438 quod
1424 2355 1526 2419 homo
1545 2357 1724 2422 sceleratus
1739 2358 1880 2425 fortasse

474 2467 590 2533 obierit
607 2479 786 2552 antequam
805 2469 863 2534 det
885 2489 1028 2551 poenas:
1053 2488 1119 2532 non
1143 2467 1189 2532 ita
1208 2467 1377 2532 ciuitates:
1401 2487 1487 2550 quae
1507 2469 1654 2551 quodam
1678 2470 1780 2535 modo
1802 2481 1880 2536 sunt

474 2579 676 2645 immortales
685 2578 708 2644 ⁴.
763 2580 810 2644 Et
839 2580 929 2645 idem
959 2579 1023 2660 alii,
1046 2588 1080 2643 et
1109 2579 1199 2642 idem
1231 2578 1365 2643 nostri⁶.
1421 2579 1534 2644 Nostri
1566 2580 1719 2663 excipere
1747 2589 1878 2646 tantum

475 2690 627 2754 uidentur
663 2713 703 2757 ea
735 2712 821 2774 quae
853 2691 999 2756 afficiunt
1031 2690 1186 2769 animam,
1217 2698 1253 2753 ut
1285 2709 1351 2754 non
1384 2698 1555 2755 transeant
1588 2691 1631 2756 ad
1664 2711 1878 2758 successores

474 2801 619 2884 exempli
643 2803 758 2884 gratia,
780 2811 817 2867 ut
843 2801 1133 2867 excommunicato
1160 2801 1284 2884 populo
1310 2821 1376 2865 non
1402 2810 1550 2867 transeat
1576 2803 1880 2869 excommunicatio

473 2913 516 2975 ad
539 2913 736 2996 subrogatos
762 2914 836 2978 loco
863 2922 1088 2979 mortuorum:
1120 2912 1181 2976 etsi
1207 2912 1297 2976 idem
1324 2911 1465 2995 populus
1492 2922 1526 2977 et
1553 2933 1639 2978 nunc
1662 2914 1727 2979 sit:
1757 2913 1819 2978 nisi
1844 2924 1879 2979 et

474 3023 526 3088 isti
549 3023 707 3089 delictum
730 3025 920 3100 admittunt,
944 3034 1001 3089 aut
1024 3024 1166 3107 culpam.
1205 3025 1273 3088 imo
1296 3024 1433 3103 addunt,
1455 3025 1545 3107 quod
1573 3026 1599 3088 si
1625 3027 1878 3091 conuentionem

474 3135 613 3199 iuratam
636 3136 772 3201 fecerint
795 3157 1028 3219 praecessores,
1049 3157 1115 3201 non
1134 3145 1247 3200 tamen
1266 3135 1386 3217 periuri
1408 3134 1493 3199 hunt
1510 3156 1723 3214 successores,
1741 3137 1797 3220 qui
1815 3137 1879 3221 ipsi

474 3248 729 3312 conuentionem
751 3268 817 3312 non
839 3258 971 3313 seruent
980 3248 1002 3312 ⁶.
1048 3249 1176 3312 Rursus
1197 3249 1279 3313 dum
1305 3246 1338 3310 in
1364 3256 1513 3329 posteros
1539 3245 1589 3310 ius
1615 3248 1661 3312 sic
1688 3249 1881 3313 extenditur

475 3357 617 3438 ultionis,
635 3368 842 3441 posterorum
861 3379 977 3442 sapere
994 3359 1139 3442 periculo
1158 3359 1299 3422 maiores
1316 3366 1488 3440 coguntur.
1539 3356 1640 3439 Quod
1660 3367 1694 3421 et
1712 3377 1787 3422 cum
1805 3358 1878 3424 aliis

476 3471 593 3535 nostris
623 3481 718 3535 notat
747 3471 910 3550 Alciatus,
937 3480 971 3535 et
1001 3491 1061 3535 nos
1091 3471 1124 3534 in
1156 3469 1389 3552 Disputatione
1422 3467 1478 3532 illa
1509 3477 1621 3532 nostra
1651 3469 1878 3551 exposuimus.

476 3581 652 3664 Coguntur
672 3604 760 3647 sane.
792 3603 869 3647 nam
893 3592 944 3647 est
967 3582 1062 3646 nobis
1084 3601 1161 3646 cura
1184 3588 1410 3662 posterorum:
1435 3577 1490 3660 qui
1513 3597 1589 3642 caro
1611 3588 1725 3642 nostra
1747 3589 1781 3644 et
1803 3601 1880 3644 ossa

475 3703 573 3758 sunt:
604 3703 638 3758 et
664 3715 723 3776 per
744 3715 828 3778 quos
855 3714 977 3758 nomen
1004 3701 1153 3758 nostrum
1177 3698 1396 3763 conseruntur,
1418 3697 1452 3754 et
1477 3687 1602 3752 iamai.
1649 3689 1761 3754 Plures
1786 3691 1879 3756 iuuat

474 3807 589 3884 bonos,
615 3807 642 3870 si
669 3806 777 3890 gratia
802 3806 966 3870 bonorum
993 3824 1059 3869 non
1086 3824 1161 3868 cum
1188 3802 1266 3886 ipsis
1293 3801 1404 3866 cadit:
1439 3800 1485 3864 ait
1514 3799 1650 3866 Seneca.
1696 3802 1743 3866 Et
1769 3801 1880 3886 plures

474 3918 609 3982 terrebit
635 3919 741 3981 malos
767 3917 874 4000 igitur,
897 3917 924 3980 si
950 3916 1066 3980 odium
1093 3915 1255 3980 malorum
1283 3934 1350 3977 non
1378 3933 1453 3977 cum
1481 3912 1560 3994 ipsis
1587 3912 1695 3976 cadit:
1725 3914 1779 3978 aio
1806 3934 1879 3997 ego.

475 4027 588 4106 Addo,
611 4031 701 4113 quod
728 4039 762 4093 et
787 4028 830 4092 ad
858 4048 917 4092 nos
943 4026 1105 4110 pertinere
1130 4036 1338 4110 posterorum
1365 4025 1524 4100 fortunas,
1547 4024 1635 4088 dixit
1657 4023 1879 4092 Aristoteles:

476 4139 661 4206 ‘Fortunas
687 4150 903 4224 posterorum,
930 4139 1047 4218 dicere,
1069 4138 1149 4202 nihil
1176 4138 1323 4203 conferre
1349 4137 1537 4216 maioribus,
1563 4134 1663 4220 longe
1689 4137 1880 4216 absurdum,

605 4397 613 4426 ¹
630 4397 705 4446 Rom.
717 4411 787 4447 cons.
801 4410 846 4462 29;
865 4395 922 4447 Seu.
934 4413 957 4460 4.
969 4395 1001 4446 de
1012 4395 1073 4445 Ben.
1297 4393 1308 4422 '
1324 4394 1341 4445 1.
1356 4407 1394 4442 ιο.
1406 4391 1438 4442 de
1449 4407 1501 4457 reg.
1513 4391 1572 4442 iuris
1584 4391 1630 4454 (D.
1643 4407 1682 4456 50.
1697 4392 1748 4455 17).

540 4479 550 4510 ⁸
564 4479 581 4532 l.
595 4479 634 4544 76.
645 4479 677 4530 de
688 4479 748 4529 iudi.
760 4478 807 4542 (D.
820 4493 843 4542 5.
859 4479 902 4543 r);
920 4478 979 4528 Alc.
991 4475 1015 4529 6.
1027 4479 1097 4528 Pare.
1111 4491 1149 4539 ¹7·
1247 4475 1257 4505 ⁴
1274 4476 1351 4526 lsocr.
1363 4474 1394 4524 de
1406 4475 1479 4524 Pace.
1578 4474 1588 4504 ⁵
1605 4473 1684 4539 Ceph.
1697 4489 1765 4524 cous.
1777 4472 1834 4540 ⁶⁹9·

573 4562 582 4592 ¹
599 4563 680 4614 Cestr.
694 4562 711 4612 l.
725 4577 763 4614 ra.
775 4565 805 4613 de
816 4560 865 4628 leg.
881 4575 890 4611 r
907 4561 953 4626 (D.
965 4563 1017 4626 30).
1158 4558 1168 4587 ¹
1185 4573 1205 4608 c.
1221 4572 1259 4608 21.
1271 4571 1310 4622 35.
1322 4573 1346 4622 q.
1359 4571 1391 4620 3;
1408 4556 1424 4604 l
1439 4570 1493 4606 πο.
1505 4555 1537 4606 de
1547 4555 1580 4606 U.
1590 4555 1617 4606 S.
1628 4557 1673 4618 (D.
1686 4570 1726 4620 50.
1740 4555 1790 4616 ι6).

1148 4777 1207 4838 os
