4604 5562
741 755 802 808 DE
830 754 934 809 IURE
962 755 1095 822 BELLI,
1126 755 1253 822 LIB.I,
1286 755 1373 809 CAP.
1397 756 1429 808 X
1433 755 1498 808 VII.
1776 759 1816 829 75

423 995 543 1060 caussis
570 995 790 1077 imperiorum.
822 1015 897 1058 nam
923 1004 956 1060 et
979 997 1021 1059 de
1044 996 1153 1059 suturo
1176 997 1360 1060 cauendum
1380 1006 1430 1059 est
1448 995 1658 1079 principibus,
1677 1005 1713 1060 ut
1731 996 1822 1074 alter,

422 1109 446 1172 si
470 1107 559 1185 uelit,
586 1126 653 1170 non
681 1107 786 1190 possit
813 1115 926 1170 tamen
954 1107 1060 1172 iacere
1083 1107 1177 1172 alteri
1201 1107 1296 1172 male.
1330 1108 1419 1190 quod
1447 1108 1479 1172 in
1504 1115 1646 1171 tractatu
1676 1107 1720 1171 de
1749 1107 1822 1172 utili

422 1219 611 1284 defensione
642 1219 832 1300 expositum
863 1228 921 1283 est.
973 1220 1041 1284 Sed
1074 1229 1107 1284 et
1138 1241 1177 1282 ea
1208 1219 1328 1302 regula,
1360 1227 1397 1282 ut
1427 1219 1525 1282 liceat
1554 1218 1671 1301 cuique
1700 1219 1733 1282 in
1762 1239 1823 1282 suo

423 1331 526 1394 facere
549 1330 638 1411 quod
662 1328 751 1406 libet,
774 1329 842 1393 imo
865 1350 932 1394 non
955 1331 1083 1395 obtinet
1107 1329 1196 1407 alias,
1220 1330 1370 1412 quamsi
1394 1349 1453 1393 nec
1480 1329 1579 1411 peior,
1606 1348 1666 1391 nec
1691 1327 1823 1410 grauior

423 1440 516 1504 uicini
540 1439 689 1504 condicio
712 1440 780 1504 fiat·
811 1441 872 1505 etsi
895 1461 973 1506 uera
996 1451 1053 1519 est,
1077 1451 1114 1505 ut
1141 1441 1183 1504 de
1210 1440 1299 1504 lucro
1326 1459 1392 1502 non
1416 1449 1554 1518 curetur,
1576 1439 1666 1522 quod
1697 1439 1823 1502 uicinus

423 1550 571 1628 iaciebat,
587 1560 621 1614 et
639 1553 727 1634 quod
747 1573 806 1634 per
821 1552 946 1615 nullam
962 1551 1200 1634 obligationem
1217 1552 1246 1614 ei
1262 1551 1444 1615 debebatur
1453 1549 1473 1616 ¹.
1517 1550 1568 1615 At
1584 1571 1661 1614 uero
1677 1550 1823 1632 imperiis

425 1663 535 1726 deberi
554 1663 774 1740 securitatem,
791 1671 824 1725 ct
839 1683 859 1726 a
875 1663 982 1726 uicino
1002 1661 1265 1726 coniunctionem
1282 1662 1448 1744 quandam
1464 1662 1586 1725 amoris
1603 1660 1823 1742 singularem:

427 1773 488 1836 iam
508 1773 572 1836 hoc
591 1773 732 1837 scimus:
757 1793 842 1854 quae
857 1773 1024 1852 tolluntur,
1041 1773 1155 1837 uicinis
1180 1773 1323 1836 mutatis.
1368 1774 1488 1856 Neque
1510 1793 1588 1837 uero
1610 1772 1699 1835 idem
1718 1792 1823 1854 popu·

427 1883 475 1946 lus
498 1891 549 1946 est
573 1884 629 1966 qui
648 1884 718 1962 fuit,
733 1885 760 1947 si
784 1885 901 1948 eadem
924 1905 984 1948 nec
1008 1893 1059 1948 est
1082 1905 1167 1966 quae
1187 1884 1248 1948 suit
1267 1885 1349 1948 ratio
1372 1883 1570 1966 reipublicae
1579 1883 1601 1947 ².
1646 1884 1723 1947 Non
1747 1881 1824 1946 licet

427 2015 500 2058 cum
520 1994 660 2058 subditis
677 1991 808 2080 (iterum
825 1993 913 2081 dico)
929 1996 1040 2059 omnia
1054 1995 1191 2059 iacere³.
1237 1995 1315 2058 Non
1335 1997 1367 2060 id
1384 1996 1460 2060 licet
1478 2017 1553 2060 cum
1571 1996 1719 2073 subditis,
1734 1995 1824 2077 quod

428 2107 561 2182 damno,
584 2105 729 2186 periculo
752 2105 836 2170 foret
860 2127 926 2170 non
950 2108 1098 2170 subditis.
1144 2107 1222 2170 Non
1246 2107 1331 2184 licet,
1351 2127 1443 2170 arces
1466 2107 1498 2170 in
1522 2127 1581 2170 suo
1604 2106 1719 2183 lacere,
1741 2125 1827 2188 quae

428 2237 488 2278 non
518 2215 585 2278 suis
613 2218 811 2280 metuendae
837 2219 911 2281 sint.
942 2219 1057 2281 audies
1082 2218 1116 2281 in
1143 2218 1240 2282 tertio
1270 2217 1362 2283 libro.
1409 2217 1498 2300 Ergo
1522 2238 1629 2300 neque
1650 2217 1728 2281 licet
1750 2235 1826 2280 cum

429 2328 492 2389 suis
510 2327 624 2400 facere,
644 2326 735 2409 quod
762 2329 976 2391 metuendum
996 2329 1068 2391 aliis
1086 2338 1146 2401 est,
1165 2337 1201 2391 ut
1221 2328 1303 2392 haec
1323 2328 1476 2392 dicuntur
1497 2329 1597 2409 paria,
1615 2328 1648 2391 in
1671 2347 1731 2390 suo
1754 2325 1828 2390 loco

429 2435 542 2511 lacere,
559 2444 592 2499 et
608 2436 641 2498 in
657 2437 807 2500 subditos
822 2458 899 2501 suos
907 2437 931 2500 ⁴.
976 2437 1034 2502 An
1051 2438 1077 2501 si
1094 2439 1284 2520 disponeret
1299 2438 1424 2502 uicinus
1440 2459 1534 2501 meus
1549 2437 1640 2502 domi
1655 2445 1828 2514 tormenta,

430 2547 556 2629 aliaque
579 2549 755 2611 aduersum
780 2568 889 2612 meam
912 2549 1057 2626 domum,
1077 2570 1140 2631 ego
1163 2569 1269 2631 neque
1291 2549 1427 2613 timeam
1452 2550 1540 2628 mihi,
1564 2571 1670 2632 neque
1694 2550 1727 2612 in
1749 2548 1828 2612 uici-

431 2677 507 2720 num
526 2679 580 2720 me
598 2658 774 2721 moueam?
820 2658 885 2734 Sic,
906 2659 951 2722 sic
970 2659 1122 2740 Belgium
1143 2660 1373 2741 apparabatur,
1391 2669 1428 2724 ut
1446 2660 1506 2723 uiri
1525 2661 1635 2724 uidere
1653 2660 1827 2742 sapientes,

431 2776 463 2830 et
482 2777 518 2832 ut
541 2767 637 2831 heros
663 2789 803 2851 magnus
824 2769 1011 2832 Lecestrius
1034 2771 1273 2851 sapientissime
1296 2769 1521 2834 defensionem
1543 2771 1719 2853 Belgarum
1743 2770 1829 2832 salu-

432 2878 606 2942 berrimam
638 2879 836 2961 reipublicae
860 2901 898 2944 ac
930 2881 1146 2944 necessariam
1173 2881 1344 2962 praeuidit‚
1371 2882 1678 2964 suscipiendamque
1708 2883 1829 2945 suasit:

434 2989 484 3052 Ne
506 2991 533 3053 si
557 2989 638 3052 illud
655 2991 779 3054 uallum
804 2992 958 3074 Europae
974 2988 1022 3076 (et
1043 3001 1079 3056 tu
1096 2992 1141 3055 sic
1165 2971 1330 3074 sapienter
1354 2992 1445 3056 Iuste
1463 2991 1570 3079 Lipsi)
1591 2993 1732 3076 Hispani
1756 3012 1828 3075 per-

434 3108 627 3181 rumperent,
644 3100 725 3164 nihil
739 3103 860 3166 amodo
879 3113 1063 3184 superesset
1086 3103 1188 3167 obicis
1211 3104 1385 3168 uiolentiae
1408 3105 1562 3186 ipsorum.
1609 3105 1654 3168 Et
1669 3103 1829 3168 hactenus

435 3210 474 3272 de
490 3211 577 3274 bello
594 3211 800 3276 defensionis.

999 3514 1086 3587 Car.
1119 3515 1252 3589 XVll.

808 3711 885 3800 Qui
908 3712 1040 3784 bellum
1066 3714 1257 3786 necessarie
1280 3713 1460 3811 inferunt.

481 3911 646 3996 QUANDO
674 3911 771 3995 igitur
794 3911 836 3976 de
861 3911 929 3976 iure
954 3911 1061 3975 omnis
1085 3913 1286 3978 defensionis
1312 3914 1407 3997 plura
1431 3913 1599 3979 diximus:
1633 3915 1730 3998 agite,
1749 3935 1835 3982 nunc

441 4021 537 4089 iustas
555 4025 714 4089 inferendi
736 4023 815 4088 belli
839 4043 971 4088 caussas
995 4025 1217 4107 exquiramus.
1242 4025 1378 4109 -Atque
1401 4027 1525 4091 bellum
1546 4029 1680 4110 quidem
1702 4029 1838 4094 insertur

441 4137 554 4200 eodem
574 4137 684 4216 m0d0,
700 4146 757 4199 aut
776 4137 964 4214 necessarie,
980 4145 1039 4200 aut
1054 4136 1185 4214 utiliter,
1201 4145 1259 4202 aut
1274 4137 1421 4203 honeste.
1467 4138 1709 4204 Necessitatem
1725 4152 1836 4206 autem

440 4245 484 4310 ita
501 4248 758 4324 consideramus,
782 4247 810 4310 si
834 4268 905 4311 esse
930 4247 1025 4311 nobis
1049 4268 1114 4312 non
1145 4249 1230 4328 licet,
1257 4251 1318 4314 nisi
1348 4249 1472 4315 bellum
1502 4251 1687 4316 inseramus.
1718 4261 1755 4316 ut
1778 4272 1836 4315 an·

640 4538 650 4568 ¹
666 4541 682 4589 1.
697 4555 718 4590 1.
729 4542 761 4591 de
772 4555 811 4605 aq.
824 4539 858 4605 pl.
871 4540 916 4603 (D.
931 4555 969 4606 39.
984 4542 1024 4605 3);
1042 4542 1058 4592 l.
1071 4543 1095 4592 8.
1107 4543 1135 4591 si.
1148 4557 1181 4592 se.
1193 4542 1226 4590 vi.
1239 4539 1285 4605 (D.
1298 4543 1320 4590 Β.
1335 4545 1378 4607 5);
1395 4541 1449 4594 Bal.
1461 4559 1484 4606 4.
1496 4559 1565 4593 cons.
1577 4541 1633 4608 396.

535 4621 545 4650 ¹
561 4622 640 4671 Arist.
653 4635 675 4684 3.
685 4622 739 4672 Pol.
753 4636 775 4685 3.
790 4631 812 4685 7.
1009 4624 1019 4653 ³
1036 4623 1091 4672 Bal.
1104 4637 1127 4687 5.
1140 4639 1209 4674 cons.
1221 4639 1278 4690 409.
1475 4623 1484 4652 ⁴
1501 4623 1555 4674 Bal.
1568 4639 1593 4688 4.
1604 4639 1671 4673 cons.
1686 4621 1741 4687 39⁶·

1108 4851 1166 4901 L2
