4604 5562
494 599 1894 632 mmm—,m

496 698 556 764 128
979 712 1182 766 ALBERICI
1208 713 1408 768 GENTILIS

494 959 697 1023 certaminis:
728 969 764 1022 ut
787 957 971 1041 postulatus
994 957 1115 1034 uideat,
1137 957 1164 1020 si
1185 957 1247 1020 sibi
1267 958 1451 1022 cedendum
1475 961 1517 1026 sit
1540 963 1592 1025 uel
1613 965 1892 1033 contendendum.

494 1071 550 1136 Sic
574 1070 652 1134 mihi
673 1070 780 1153 Cyrus
804 1069 909 1147 male;
939 1069 995 1152 qui
1016 1068 1177 1132 Armenio
1197 1069 1265 1152 regi
1287 1070 1383 1134 simul
1406 1071 1515 1136 intulit
1537 1083 1571 1136 et
1591 1074 1712 1139 indixit
1734 1077 1858 1141 bellum
1870 1078 1889 1143 ¹.

492 1183 538 1247 Et
560 1183 622 1246 luit
644 1183 677 1247 id
700 1182 784 1245 sorte
806 1201 907 1244 unum
931 1201 974 1243 ex
994 1179 1092 1243 ualris
1112 1179 1240 1243 iniustis
1262 1180 1365 1260 sactis,
1394 1193 1529 1264 propter
1551 1205 1635 1266 quae
1658 1187 1809 1270 princeps
1836 1188 1890 1253 ille

491 1294 724 1378 Xenophontis
743 1314 809 1357 non
828 1312 958 1375 semper
977 1292 1117 1355 Erasmo
1137 1291 1245 1373 placet
1255 1289 1277 1352 ².
1324 1292 1369 1356 Et
1391 1294 1534 1358 Romani
1556 1296 1660 1362 male:
1684 1298 1740 1380 qui
1756 1299 1888 1364 tertium

490 1407 537 1471 sic
554 1414 724 1490 gesserunt
741 1404 865 1468 bellum
887 1403 1055 1481 Punicum,
1074 1411 1243 1466 momento
1263 1402 1423 1467 indictum
1443 1414 1477 1468 et
1495 1405 1623 1471 illatum
1634 1407 1658 1472 ³.
1712 1409 1758 1472 Et
1776 1410 1888 1493 itaque

491 1519 676 1601 Episcopus
693 1516 811 1599 aliquis
829 1516 960 1578 dixerat
979 1513 1116 1578 Chosroi
1138 1514 1205 1596 regi
1225 1514 1406 1591 Persarum,
1424 1514 1531 1580 lacere
1549 1517 1657 1600 ipsum
1674 1519 1816 1603 indigne,
1832 1523 1889 1604 qui

490 1629 616 1693 nullum
634 1639 766 1711 tempus
788 1627 969 1690 Iustiniano
991 1625 1149 1688 tribueret
1168 1625 1212 1686 ad
1232 1623 1490 1704 deliberandum,
1508 1636 1544 1692 ut
1565 1629 1618 1692 uel
1639 1631 1681 1692 de
1702 1650 1784 1713 pace
1804 1633 1889 1695 inter

489 1763 525 1807 se
547 1742 766 1812 conuenirent,
792 1736 845 1801 uel
868 1736 991 1800 bellum
1016 1757 1060 1798 ex
1083 1735 1235 1798 condicto
1260 1745 1410 1818 gererent
1420 1735 1441 1802 ⁴.
1489 1737 1583 1803 Haec
1611 1741 1689 1804 mihi
1717 1743 1886 1806 certissimi

489 1853 567 1916 iuris
599 1873 670 1915 esse
704 1850 864 1914 uidentur.
903 1857 936 1911 et
970 1867 1077 1930 neque
1108 1846 1310 1929 incognitum
1342 1856 1455 1912 tamen
1487 1858 1545 1928 est,
1576 1851 1647 1914 uisa
1682 1851 1719 1914 iri
1751 1853 1886 1917 ridicula

490 1964 654 2028 nonnullis
676 1963 805 2027 omnia:
836 1959 990 2042 quicum
1013 1957 1120 2020 Atreo
1146 1959 1265 2040 potius
1288 1958 1500 2040 ‘Antequam
1524 1981 1560 2024 se
1582 1961 1690 2026 firmet
1716 1973 1774 2027 aut
1801 1965 1885 2028 uires

486 2081 495 2110 ⁴
511 2085 613 2159 paret,
630 2081 762 2156 petatur
777 2072 862 2136 ultro
872 2067 905 2132 ὅ]
951 2068 1019 2134 Sed
1035 2069 1086 2132 his
1101 2068 1242 2152 politicis
1257 2070 1385 2134 iniustis
1400 2072 1538 2153 praefixi
1554 2093 1748 2155 responsum
1764 2097 1784 2139 a
1799 2078 1885 2158 prin·

487 2187 582 2270 cipio,
605 2194 638 2249 et
664 2205 762 2266 saepe
788 2183 854 2264 figo
880 2201 939 2264 per
965 2189 1073 2244 totum
1100 2201 1193 2263 opus.
1239 2180 1295 2245 Sic
1322 2180 1463 2264 politice,
1488 2203 1553 2246 non
1579 2184 1721 2264 iuridice,
1743 2185 1886 2268 loquitur

489 2299 685 2362 Maecenas:
708 2295 765 2379 qui
788 2293 876 2375 apud
901 2292 1044 2355 Dionem
1063 2290 1127 2355 hoc
1149 2291 1278 2356 tradere
1294 2292 1433 2370 uidetur,
1451 2294 1484 2356 in
1508 2302 1595 2358 statu
1619 2303 1748 2360 tantum
1772 2298 1884 2361 demo-

489 2410 610 2475 cratico
632 2406 753 2470 seruari
775 2405 844 2468 iura
866 2403 948 2467 haec
971 2413 1004 2468 et
1027 2402 1174 2467 solennia
1196 2402 1457 2485 clarigationum,
1481 2405 1704 2484 indictionum,
1729 2407 1885 2473 denunci-

486 2521 644 2596 ationum,
669 2518 864 2583 dilationum
875 2515 896 2580 ⁰.
952 2514 1067 2596 Atque
1093 2533 1154 2578 nec
1180 2512 1303 2577 abolita
1329 2515 1398 2578 iura
1424 2525 1519 2579 sunt:
1550 2537 1636 2599 quae
1661 2527 1791 2582 seruata
1817 2519 1883 2582 imo

490 2631 641 2696 uidemus
659 2630 692 2692 in
710 2629 793 2691 haec
811 2637 981 2708 tempora:
1009 2635 1045 2688 ut
1064 2623 1174 2706 legere
1192 2625 1290 2688 estin
1313 2624 1456 2689 historiis
1471 2626 1657 2710 frequenter
1666 2629 1689 2694 ⁷.
1734 2628 1801 2693 Sed
1822 2649 1882 2694 nec

484 2742 607 2808 aboleri
623 2749 780 2824 possunt:
803 2758 889 2820 quae
904 2745 980 2800 sunt
995 2736 1144 2818 gentium
1160 2737 1238 2814 iura,
1254 2745 1287 2800 et
1304 2737 1391 2800 iussa
1407 2737 1479 2804 Dei.

1102 3091 1189 3164 Cae.
1222 3091 1272 3164 ll.

838 3287 886 3360 Si
909 3285 1054 3383 quando
1082 3285 1214 3358 bellum
1239 3311 1312 3358 non
1337 3285 1525 3358 indicitur.

525 3475 593 3539 FIT
616 3473 794 3557 aliquando
816 3480 939 3547 tamen,
961 3480 997 3533 ut
1019 3469 1185 3533 obseruari
1208 3467 1289 3532 haec
1312 3467 1382 3532 iura
1404 3476 1579 3550 nequeant,
1601 3477 1659 3532 aut
1687 3469 1786 3533 etiam
1813 3490 1877 3534 non

480 3589 633 3653 debeant.
681 3585 776 3650 Clam
799 3582 977 3666 aliquando
1001 3591 1034 3645 et
1057 3580 1176 3646 furtiue
1202 3579 1279 3644 licet
1306 3601 1375 3643 rem
1402 3600 1495 3643 suam
1521 3600 1732 3662 recuperare:
1766 3591 1804 3645 ut
1826 3581 1878 3646 hic

478 3701 524 3763 ait
552 3698 676 3762 Baldus
685 3695 707 3760 ⁸.
764 3694 832 3760 Sed
858 3694 936 3757 belli
963 3712 1028 3756 non
1056 3691 1220 3756 indicendi
1247 3701 1281 3755 et
1306 3691 1468 3755 indicatus
1491 3700 1590 3755 antea
1616 3701 1666 3756 est
1693 3712 1809 3770 casus;
1845 3702 1878 3756 et

478 3820 514 3874 ut
537 3809 650 3872 citatio
675 3807 707 3869 in
733 3806 805 3870 soro
831 3804 902 3870 tolli
929 3803 1107 3886 aliquando
1130 3824 1174 3866 ex
1197 3823 1313 3867 caussa
1335 3811 1454 3886 potest,
1477 3802 1523 3865 ita
1547 3803 1650 3885 possit
1673 3814 1706 3866 et
1735 3801 1768 3866 in
1790 3804 1878 3867 bello

477 3921 559 3984 haec
581 3918 690 3982 omitti
713 3917 923 3981 denunciatio
931 3917 953 3978 ⁹.
998 3914 1098 3997 Quod
1121 3915 1201 3977 item
1223 3915 1398 3996 suscipitur
1416 3913 1540 3977 bellum
1559 3934 1657 3980 causa
1675 3915 1877 3980 necessariae

476 4028 685 4107 defensionis,
704 4028 816 4110 utique
834 4025 1122 4090 denunciationem
1146 4044 1211 4088 non
1230 4025 1346 4108 exigit.
1392 4023 1491 4106 Quod
1511 4045 1589 4089 uero
1607 4025 1744 4089 infertur
1766 4046 1876 4090 neces·

477 4140 571 4218 sario,
589 4140 697 4222 ipsum
721 4137 909 4201 denunciari
931 4143 1062 4217 oportet
1074 4157 1082 4215 ;
1112 4135 1190 4217 quia
1213 4144 1246 4198 et
1268 4136 1338 4198 sine
1358 4134 1446 4198 bello
1469 4146 1709 4219 consequentur
1730 4136 1876 4201 fortassis

510 4374 598 4424 ¹Xen
613 4388 634 4422 a.
646 4372 738 4436 Cyrop.
750 4386 817 4432 c.4;
835 4369 897 4418 Zon.
908 4368 953 4418 lib.
965 4382 988 4431 3.
1000 4382 1021 4418 e.
1036 4367 1074 4419 16.
1172 4368 1313 4418 'Erasui
1328 4369 1448 4432 Hierony.
1563 4371 1657 4437 ’App
1669 4371 1756 4422 Punic.
1768 4387 1788 4420 c.
1804 4370 1841 4434 76.

608 4454 619 4484 ⁴
635 4455 739 4519 Procop.
753 4468 774 4502 2.
787 4453 853 4502 Pers.
865 4467 886 4502 c.
900 4451 924 4501 6.
1073 4450 1083 4480 ³
1098 4450 1154 4500 Sem
1169 4463 1190 4500 a.
1201 4450 1303 4515 Thyest.
1315 4451 1332 4503 l.
1345 4465 1400 4501 202.
1549 4453 1559 4482 ⁶
1576 4453 1634 4503 Dio.
1647 4453 1691 4504 lib.
1704 4466 1744 4516 52.

541 4537 591 4588 Ῥ.
605 4539 677 4587 Aem.
691 4549 720 4602 93
739 4534 825 4586 Bemb.
840 4548 861 4584 1.
873 4533 935 4592 Ue.;
955 4533 1015 4582 Nat.
1027 4533 1074 4584 Co.
1087 4546 1134 4596 ¹³3
1152 4533 1263 4583 Mathia.
1335 4535 1417 4585 ⁸Ba1.
1429 4535 1446 4584 l.
1458 4551 1482 4600 4.
1492 4537 1523 4587 C.
1536 4535 1568 4585 de
1579 4537 1621 4586 ob.
1631 4552 1671 4602 pa.
1683 4552 1722 4601 pr.
1734 4536 1770 4600 (6.
1783 4535 1819 4598 6).

1064 4616 1139 4667 ’Ale
1153 4629 1175 4678 3.
1187 4631 1254 4667 cons.
1264 4633 1288 4682 9.
