<?xml version="1.0" encoding="UTF-8"?>
<!DOCTYPE html PUBLIC "-//W3C//DTD XHTML 1.0 Transitional//EN"
    "http://www.w3.org/TR/xhtml1/DTD/xhtml1-transitional.dtd">
<html xmlns="http://www.w3.org/1999/xhtml" xml:lang="en" lang="en">
 <head>
  <title>
</title>
<meta http-equiv="Content-Type" content="text/html;charset=utf-8" />
  <meta name='ocr-system' content='tesseract 3.04.00' />
  <meta name='ocr-capabilities' content='ocr_page ocr_carea ocr_par ocr_line ocrx_word'/>
</head>
<body>
  <div class='ocr_page' id='page_1' title='image "albericigentili01gentgoog_0139.png"; bbox 0 0 4604 5562; ppageno 0'>
   <div class='ocr_carea' id='block_1_1' title="bbox 991 621 1423 676">
    <p class='ocr_par' dir='ltr' id='par_1_1' title="bbox 991 621 1423 676">
     <span class='ocr_line' id='line_1_1' title="bbox 991 621 1423 676; baseline -0.002 0"><span class='ocrx_word' id='word_1_1' title='bbox 991 621 1194 676; x_wconf 83' lang='lat' dir='ltr'><strong>ALBERICI</strong></span> <span class='ocrx_word' id='word_1_2' title='bbox 1222 621 1423 676; x_wconf 87' lang='lat' dir='ltr'><strong>GENTILIS</strong></span> 
     </span>
    </p>
   </div>
   <div class='ocr_carea' id='block_1_2' title="bbox 1063 1033 1347 1108">
    <p class='ocr_par' dir='ltr' id='par_1_2' title="bbox 1063 1033 1347 1108">
     <span class='ocr_line' id='line_1_2' title="bbox 1063 1033 1347 1108; baseline -0.004 -2"><span class='ocrx_word' id='word_1_3' title='bbox 1063 1034 1151 1108; x_wconf 71' lang='lat' dir='ltr'><strong>Car.</strong></span> <span class='ocrx_word' id='word_1_4' title='bbox 1184 1033 1347 1107; x_wconf 87' lang='lat' dir='ltr'>XXIII.</span> 
     </span>
    </p>
   </div>
   <div class='ocr_carea' id='block_1_3' title="bbox 925 1231 1484 1332">
    <p class='ocr_par' dir='ltr' id='par_1_3' title="bbox 925 1231 1484 1332">
     <span class='ocr_line' id='line_1_3' title="bbox 925 1231 1484 1332; baseline -0.005 -26"><span class='ocrx_word' id='word_1_5' title='bbox 925 1233 985 1308; x_wconf 80' lang='lat' dir='ltr'><strong>De</strong></span> <span class='ocrx_word' id='word_1_6' title='bbox 1010 1259 1206 1332; x_wconf 77' lang='lat' dir='ltr'><strong>regnorum</strong></span> <span class='ocrx_word' id='word_1_7' title='bbox 1231 1231 1484 1330; x_wconf 69' lang='lat' dir='ltr'><strong>mersionibus.</strong></span> 
     </span>
    </p>
   </div>
   <div class='ocr_carea' id='block_1_4' title="bbox 504 1433 1906 4291">
    <p class='ocr_par' dir='ltr' id='par_1_4' title="bbox 504 1433 1906 4291">
     <span class='ocr_line' id='line_1_4' title="bbox 548 1433 1901 1519; baseline 0 -19"><span class='ocrx_word' id='word_1_8' title='bbox 548 1435 744 1513; x_wconf 81' lang='lat' dir='ltr'>SEQU1TUR</span> <span class='ocrx_word' id='word_1_9' title='bbox 767 1457 852 1502; x_wconf 90' lang='lat' dir='ltr'><strong>nunc</strong></span> <span class='ocrx_word' id='word_1_10' title='bbox 872 1437 1030 1519; x_wconf 81' lang='lat' dir='ltr'><strong>quaestio</strong></span> <span class='ocrx_word' id='word_1_11' title='bbox 1075 1435 1175 1518; x_wconf 82' lang='lat' dir='ltr'><strong>Quod</strong></span> <span class='ocrx_word' id='word_1_12' title='bbox 1193 1444 1230 1499; x_wconf 88' lang='lat' dir='ltr'><strong>ut</strong></span> <span class='ocrx_word' id='word_1_13' title='bbox 1250 1454 1364 1498; x_wconf 85' lang='lat' dir='ltr'><strong>uemm</strong></span> <span class='ocrx_word' id='word_1_14' title='bbox 1387 1436 1439 1512; x_wconf 86' lang='lat' dir='ltr'><strong>sit,</strong></span> <span class='ocrx_word' id='word_1_15' title='bbox 1457 1433 1689 1516; x_wconf 88' lang='lat' dir='ltr'><strong>imperatorem</strong></span> <span class='ocrx_word' id='word_1_16' title='bbox 1714 1435 1901 1501; x_wconf 90' lang='lat' dir='ltr'><strong>Romanum</strong></span> 
     </span>
     <span class='ocr_line' id='line_1_5' title="bbox 504 1544 1904 1631; baseline 0.001 -21"><span class='ocrx_word' id='word_1_17' title='bbox 504 1567 601 1628; x_wconf 91' lang='lat' dir='ltr'><strong>posse</strong></span> <span class='ocrx_word' id='word_1_18' title='bbox 630 1546 718 1610; x_wconf 90' lang='lat' dir='ltr'><strong>bello</strong></span> <span class='ocrx_word' id='word_1_19' title='bbox 745 1558 892 1631; x_wconf 90' lang='lat' dir='ltr'><strong>repetere</strong></span> <span class='ocrx_word' id='word_1_20' title='bbox 918 1548 1030 1611; x_wconf 86' lang='lat' dir='ltr'><strong>omnia</strong></span> <span class='ocrx_word' id='word_1_21' title='bbox 1056 1566 1140 1629; x_wconf 88' lang='lat' dir='ltr'><strong>quae</strong></span> <span class='ocrx_word' id='word_1_22' title='bbox 1164 1545 1307 1608; x_wconf 89' lang='lat' dir='ltr'><strong>Romani</strong></span> <span class='ocrx_word' id='word_1_23' title='bbox 1329 1544 1458 1608; x_wconf 88' lang='lat' dir='ltr'><strong>fuerant</strong></span> <span class='ocrx_word' id='word_1_24' title='bbox 1485 1545 1633 1627; x_wconf 89' lang='lat' dir='ltr'><strong>imperii:</strong></span> <span class='ocrx_word' id='word_1_25' title='bbox 1664 1555 1821 1626; x_wconf 82' lang='lat' dir='ltr'><strong>attamen,</strong></span> <span class='ocrx_word' id='word_1_26' title='bbox 1844 1549 1904 1611; x_wconf 89' lang='lat' dir='ltr'><strong>im·</strong></span> 
     </span>
     <span class='ocr_line' id='line_1_6' title="bbox 504 1656 1904 1742; baseline 0.001 -21"><span class='ocrx_word' id='word_1_27' title='bbox 504 1667 688 1740; x_wconf 89' lang='lat' dir='ltr'><strong>peratorem</strong></span> <span class='ocrx_word' id='word_1_28' title='bbox 712 1679 797 1723; x_wconf 93' lang='lat' dir='ltr'><strong>nunc</strong></span> <span class='ocrx_word' id='word_1_29' title='bbox 821 1659 1047 1722; x_wconf 88' lang='lat' dir='ltr'><strong>Romanorum</strong></span> <span class='ocrx_word' id='word_1_30' title='bbox 1071 1678 1137 1721; x_wconf 90' lang='lat' dir='ltr'><strong>non</strong></span> <span class='ocrx_word' id='word_1_31' title='bbox 1160 1677 1239 1735; x_wconf 88' lang='lat' dir='ltr'><strong>esse,</strong></span> <span class='ocrx_word' id='word_1_32' title='bbox 1258 1664 1291 1720; x_wconf 90' lang='lat' dir='ltr'><strong>et</strong></span> <span class='ocrx_word' id='word_1_33' title='bbox 1315 1656 1505 1719; x_wconf 91' lang='lat' dir='ltr'><strong>Romanum</strong></span> <span class='ocrx_word' id='word_1_34' title='bbox 1528 1659 1700 1722; x_wconf 84' lang='lat' dir='ltr'><strong>euanuisse</strong></span> <span class='ocrx_word' id='word_1_35' title='bbox 1723 1660 1904 1742; x_wconf 90' lang='lat' dir='ltr'><strong>imperium,</strong></span> 
     </span>
     <span class='ocr_line' id='line_1_7' title="bbox 504 1767 1904 1852; baseline 0.001 -19"><span class='ocrx_word' id='word_1_36' title='bbox 504 1769 615 1833; x_wconf 91' lang='lat' dir='ltr'><strong>dicent</strong></span> <span class='ocrx_word' id='word_1_37' title='bbox 625 1767 646 1834; x_wconf 88' lang='lat'><strong>¹.</strong></span> <span class='ocrx_word' id='word_1_38' title='bbox 702 1769 765 1834; x_wconf 90' lang='lat' dir='ltr'><strong>Illa</strong></span> <span class='ocrx_word' id='word_1_39' title='bbox 786 1770 935 1852; x_wconf 88' lang='lat' dir='ltr'>quaestio</span> <span class='ocrx_word' id='word_1_40' title='bbox 957 1780 1008 1833; x_wconf 85' lang='lat' dir='ltr'><strong>est</strong></span> <span class='ocrx_word' id='word_1_41' title='bbox 1032 1769 1123 1832; x_wconf 90' lang='lat' dir='ltr'><strong>nihili</strong></span> <span class='ocrx_word' id='word_1_42' title='bbox 1146 1769 1173 1831; x_wconf 90' lang='lat' dir='ltr'><strong>si</strong></span> <span class='ocrx_word' id='word_1_43' title='bbox 1198 1767 1369 1830; x_wconf 88' lang='lat' dir='ltr'><strong>Romanus</strong></span> <span class='ocrx_word' id='word_1_44' title='bbox 1392 1767 1571 1848; x_wconf 87' lang='lat' dir='ltr'><strong>imperator</strong></span> <span class='ocrx_word' id='word_1_45' title='bbox 1592 1770 1697 1850; x_wconf 88' lang='lat' dir='ltr'><strong>possit</strong></span> <span class='ocrx_word' id='word_1_46' title='bbox 1723 1771 1810 1834; x_wconf 89' lang='lat' dir='ltr'><strong>orbis</strong></span> <span class='ocrx_word' id='word_1_47' title='bbox 1833 1772 1904 1834; x_wconf 93' lang='lat' dir='ltr'><strong>uni·</strong></span> 
     </span>
     <span class='ocr_line' id='line_1_8' title="bbox 505 1879 1905 1962; baseline 0 -18"><span class='ocrx_word' id='word_1_48' title='bbox 505 1880 592 1944; x_wconf 87' lang='lat' dir='ltr'><strong>uersi</strong></span> <span class='ocrx_word' id='word_1_49' title='bbox 612 1880 673 1943; x_wconf 92' lang='lat' dir='ltr'><strong>sibi</strong></span> <span class='ocrx_word' id='word_1_50' title='bbox 694 1880 859 1944; x_wconf 90' lang='lat' dir='ltr'><strong>uindicare</strong></span> <span class='ocrx_word' id='word_1_51' title='bbox 879 1880 1062 1962; x_wconf 89' lang='lat' dir='ltr'><strong>imperium.</strong></span> <span class='ocrx_word' id='word_1_52' title='bbox 1092 1879 1247 1962; x_wconf 74' lang='lat' dir='ltr'><strong>quitquid</strong></span> <span class='ocrx_word' id='word_1_53' title='bbox 1266 1880 1367 1941; x_wconf 89' lang='lat' dir='ltr'><strong>nostri</strong></span> <span class='ocrx_word' id='word_1_54' title='bbox 1386 1888 1550 1960; x_wconf 87' lang='lat' dir='ltr'>nugentur</span> <span class='ocrx_word' id='word_1_55' title='bbox 1567 1879 1769 1962; x_wconf 88' lang='lat' dir='ltr'><strong>interpretes.</strong></span> <span class='ocrx_word' id='word_1_56' title='bbox 1816 1883 1905 1944; x_wconf 91' lang='lat' dir='ltr'><strong>Nam</strong></span> 
     </span>
     <span class='ocr_line' id='line_1_9' title="bbox 506 1989 1904 2074; baseline 0.001 -19"><span class='ocrx_word' id='word_1_57' title='bbox 506 2000 619 2055; x_wconf 83' lang='lat' dir='ltr'><strong>contra</strong></span> <span class='ocrx_word' id='word_1_58' title='bbox 634 1991 716 2055; x_wconf 92' lang='lat' dir='ltr'><strong>alios</strong></span> <span class='ocrx_word' id='word_1_59' title='bbox 732 1992 878 2074; x_wconf 90' lang='lat' dir='ltr'><strong>disputat</strong></span> <span class='ocrx_word' id='word_1_60' title='bbox 896 1990 963 2055; x_wconf 87' lang='lat' dir='ltr'><strong>late</strong></span> <span class='ocrx_word' id='word_1_61' title='bbox 986 2001 1020 2054; x_wconf 85' lang='lat' dir='ltr'><strong>et</strong></span> <span class='ocrx_word' id='word_1_62' title='bbox 1040 1990 1123 2053; x_wconf 89' lang='lat' dir='ltr'><strong>bene</strong></span> <span class='ocrx_word' id='word_1_63' title='bbox 1143 1989 1291 2053; x_wconf 89' lang='lat' dir='ltr'><strong>Didacus</strong></span> <span class='ocrx_word' id='word_1_64' title='bbox 1310 1989 1550 2054; x_wconf 85' lang='lat' dir='ltr'><strong>Couarmuias:</strong></span> <span class='ocrx_word' id='word_1_65' title='bbox 1574 1999 1608 2054; x_wconf 90' lang='lat' dir='ltr'><strong>et</strong></span> <span class='ocrx_word' id='word_1_66' title='bbox 1625 1991 1800 2070; x_wconf 83' lang='lat' dir='ltr'>concludit,</span> <span class='ocrx_word' id='word_1_67' title='bbox 1816 1995 1904 2074; x_wconf 93' lang='lat' dir='ltr'><strong>quod</strong></span> 
     </span>
     <span class='ocr_line' id='line_1_10' title="bbox 504 2100 1904 2184; baseline 0.003 -20"><span class='ocrx_word' id='word_1_68' title='bbox 504 2103 684 2183; x_wconf 89' lang='lat' dir='ltr'><strong>imperator</strong></span> <span class='ocrx_word' id='word_1_69' title='bbox 706 2123 771 2165; x_wconf 93' lang='lat' dir='ltr'><strong>non</strong></span> <span class='ocrx_word' id='word_1_70' title='bbox 794 2111 879 2184; x_wconf 85' lang='lat' dir='ltr'><strong>aget,</strong></span> <span class='ocrx_word' id='word_1_71' title='bbox 896 2103 956 2165; x_wconf 91' lang='lat' dir='ltr'><strong>nisi</strong></span> <span class='ocrx_word' id='word_1_72' title='bbox 979 2104 1023 2166; x_wconf 94' lang='lat' dir='ltr'><strong>ad</strong></span> <span class='ocrx_word' id='word_1_73' title='bbox 1041 2122 1080 2164; x_wconf 89' lang='lat' dir='ltr'><strong>ea</strong></span> <span class='ocrx_word' id='word_1_74' title='bbox 1102 2122 1188 2183; x_wconf 88' lang='lat' dir='ltr'><strong>quae</strong></span> <span class='ocrx_word' id='word_1_75' title='bbox 1210 2100 1289 2165; x_wconf 93' lang='lat' dir='ltr'><strong>olim</strong></span> <span class='ocrx_word' id='word_1_76' title='bbox 1308 2100 1437 2164; x_wconf 85' lang='lat' dir='ltr'><strong>luerunt</strong></span> <span class='ocrx_word' id='word_1_77' title='bbox 1460 2101 1607 2182; x_wconf 88' lang='lat' dir='ltr'><strong>imperii:</strong></span> <span class='ocrx_word' id='word_1_78' title='bbox 1631 2109 1664 2166; x_wconf 88' lang='lat' dir='ltr'><strong>et</strong></span> <span class='ocrx_word' id='word_1_79' title='bbox 1682 2101 1801 2168; x_wconf 82' lang='lat' dir='ltr'><strong>falsum</strong></span> <span class='ocrx_word' id='word_1_80' title='bbox 1825 2125 1904 2183; x_wconf 88' lang='lat' dir='ltr'><strong>esse,</strong></span> 
     </span>
     <span class='ocr_line' id='line_1_11' title="bbox 506 2209 1905 2296; baseline 0.003 -22"><span class='ocrx_word' id='word_1_81' title='bbox 506 2213 594 2294; x_wconf 90' lang='lat' dir='ltr'><strong>quod</strong></span> <span class='ocrx_word' id='word_1_82' title='bbox 618 2211 674 2276; x_wconf 88' lang='lat' dir='ltr'><strong>ille</strong></span> <span class='ocrx_word' id='word_1_83' title='bbox 702 2213 745 2276; x_wconf 92' lang='lat' dir='ltr'><strong>sit</strong></span> <span class='ocrx_word' id='word_1_84' title='bbox 771 2213 925 2276; x_wconf 85' lang='lat' dir='ltr'><strong>domInus</strong></span> <span class='ocrx_word' id='word_1_85' title='bbox 947 2213 1049 2277; x_wconf 88' lang='lat' dir='ltr'><strong>totius</strong></span> <span class='ocrx_word' id='word_1_86' title='bbox 1071 2213 1159 2275; x_wconf 90' lang='lat' dir='ltr'><strong>orbis</strong></span> <span class='ocrx_word' id='word_1_87' title='bbox 1168 2209 1189 2274; x_wconf 73' lang='lat'><strong>².</strong></span> <span class='ocrx_word' id='word_1_88' title='bbox 1236 2211 1308 2274; x_wconf 94' lang='lat' dir='ltr'><strong>Nos</strong></span> <span class='ocrx_word' id='word_1_89' title='bbox 1331 2210 1484 2290; x_wconf 87' lang='lat' dir='ltr'><strong>diximus,</strong></span> <span class='ocrx_word' id='word_1_90' title='bbox 1505 2213 1595 2293; x_wconf 90' lang='lat' dir='ltr'><strong>quod</strong></span> <span class='ocrx_word' id='word_1_91' title='bbox 1618 2233 1678 2277; x_wconf 91' lang='lat' dir='ltr'><strong>nec</strong></span> <span class='ocrx_word' id='word_1_92' title='bbox 1700 2215 1742 2277; x_wconf 91' lang='lat' dir='ltr'><strong>ad</strong></span> <span class='ocrx_word' id='word_1_93' title='bbox 1766 2235 1806 2277; x_wconf 87' lang='lat' dir='ltr'><strong>ea</strong></span> <span class='ocrx_word' id='word_1_94' title='bbox 1827 2225 1905 2296; x_wconf 83' lang='lat' dir='ltr'><strong>aget</strong></span> 
     </span>
     <span class='ocr_line' id='line_1_12' title="bbox 505 2322 1905 2406; baseline 0.002 -20"><span class='ocrx_word' id='word_1_95' title='bbox 505 2343 590 2405; x_wconf 90' lang='lat' dir='ltr'><strong>quae</strong></span> <span class='ocrx_word' id='word_1_96' title='bbox 612 2332 690 2387; x_wconf 88' lang='lat' dir='ltr'><strong>ante</strong></span> <span class='ocrx_word' id='word_1_97' title='bbox 715 2322 825 2388; x_wconf 90' lang='lat' dir='ltr'><strong>secula</strong></span> <span class='ocrx_word' id='word_1_98' title='bbox 850 2323 981 2387; x_wconf 82' lang='lat' dir='ltr'><strong>fuerunt</strong></span> <span class='ocrx_word' id='word_1_99' title='bbox 1009 2324 1145 2406; x_wconf 88' lang='lat' dir='ltr'><strong>imperii.</strong></span> <span class='ocrx_word' id='word_1_100' title='bbox 1201 2325 1298 2387; x_wconf 91' lang='lat' dir='ltr'><strong>Nunc</strong></span> <span class='ocrx_word' id='word_1_101' title='bbox 1326 2331 1375 2385; x_wconf 91' lang='lat' dir='ltr'><strong>est</strong></span> <span class='ocrx_word' id='word_1_102' title='bbox 1397 2323 1554 2404; x_wconf 85' lang='lat' dir='ltr'><strong>quaestio,</strong></span> <span class='ocrx_word' id='word_1_103' title='bbox 1577 2323 1613 2402; x_wconf 88' lang='lat' dir='ltr'><strong>si,</strong></span> <span class='ocrx_word' id='word_1_104' title='bbox 1636 2325 1691 2406; x_wconf 87' lang='lat' dir='ltr'><strong>qui</strong></span> <span class='ocrx_word' id='word_1_105' title='bbox 1718 2325 1905 2389; x_wconf 88' lang='lat' dir='ltr'><strong>nominatur</strong></span> 
     </span>
     <span class='ocr_line' id='line_1_13' title="bbox 506 2432 1905 2517; baseline 0.001 -19"><span class='ocrx_word' id='word_1_106' title='bbox 506 2435 683 2517; x_wconf 77' lang='lat' dir='ltr'><strong>imperator</strong></span> <span class='ocrx_word' id='word_1_107' title='bbox 710 2435 946 2514; x_wconf 87' lang='lat' dir='ltr'><strong>Romanorum,</strong></span> <span class='ocrx_word' id='word_1_108' title='bbox 969 2435 996 2499; x_wconf 94' lang='lat' dir='ltr'><strong>is</strong></span> <span class='ocrx_word' id='word_1_109' title='bbox 1021 2455 1098 2498; x_wconf 89' lang='lat' dir='ltr'><strong>uere</strong></span> <span class='ocrx_word' id='word_1_110' title='bbox 1119 2434 1162 2497; x_wconf 91' lang='lat' dir='ltr'><strong>sit</strong></span> <span class='ocrx_word' id='word_1_111' title='bbox 1189 2432 1415 2496; x_wconf 85' lang='lat' dir='ltr'><strong>Romanorum</strong></span> <span class='ocrx_word' id='word_1_112' title='bbox 1441 2434 1628 2516; x_wconf 87' lang='lat' dir='ltr'><strong>imperator.</strong></span> <span class='ocrx_word' id='word_1_113' title='bbox 1683 2433 1728 2499; x_wconf 90' lang='lat' dir='ltr'><strong>Et</strong></span> <span class='ocrx_word' id='word_1_114' title='bbox 1755 2446 1905 2500; x_wconf 85' lang='lat' dir='ltr'><strong>constare</strong></span> 
     </span>
     <span class='ocr_line' id='line_1_14' title="bbox 506 2543 1904 2626; baseline 0.001 -18"><span class='ocrx_word' id='word_1_115' title='bbox 506 2554 619 2610; x_wconf 89' lang='lat' dir='ltr'><strong>tamen</strong></span> <span class='ocrx_word' id='word_1_116' title='bbox 645 2547 733 2626; x_wconf 92' lang='lat' dir='ltr'><strong>apud</strong></span> <span class='ocrx_word' id='word_1_117' title='bbox 766 2566 882 2609; x_wconf 89' lang='lat' dir='ltr'><strong>omnes</strong></span> <span class='ocrx_word' id='word_1_118' title='bbox 909 2545 1046 2620; x_wconf 88' lang='lat' dir='ltr'><strong>uidetur,</strong></span> <span class='ocrx_word' id='word_1_119' title='bbox 1074 2543 1248 2626; x_wconf 90' lang='lat' dir='ltr'><strong>imperium</strong></span> <span class='ocrx_word' id='word_1_120' title='bbox 1278 2564 1351 2606; x_wconf 87' lang='lat' dir='ltr'><strong>esse</strong></span> <span class='ocrx_word' id='word_1_121' title='bbox 1378 2544 1566 2608; x_wconf 85' lang='lat' dir='ltr'><strong>Romanum</strong></span> <span class='ocrx_word' id='word_1_122' title='bbox 1594 2546 1627 2609; x_wconf 93' lang='lat' dir='ltr'><strong>id</strong></span> <span class='ocrx_word' id='word_1_123' title='bbox 1654 2545 1745 2609; x_wconf 90' lang='lat' dir='ltr'><strong>cuius</strong></span> <span class='ocrx_word' id='word_1_124' title='bbox 1767 2547 1799 2608; x_wconf 93' lang='lat' dir='ltr'><strong>in</strong></span> <span class='ocrx_word' id='word_1_125' title='bbox 1823 2546 1904 2610; x_wconf 88' lang='lat' dir='ltr'><strong>Ger-</strong></span> 
     </span>
     <span class='ocr_line' id='line_1_15' title="bbox 507 2654 1904 2738; baseline 0.001 -19"><span class='ocrx_word' id='word_1_126' title='bbox 507 2656 618 2719; x_wconf 87' lang='lat' dir='ltr'><strong>mania</strong></span> <span class='ocrx_word' id='word_1_127' title='bbox 637 2657 732 2720; x_wconf 90' lang='lat' dir='ltr'><strong>sedes</strong></span> <span class='ocrx_word' id='word_1_128' title='bbox 751 2665 811 2720; x_wconf 91' lang='lat' dir='ltr'><strong>est.</strong></span> <span class='ocrx_word' id='word_1_129' title='bbox 857 2657 903 2720; x_wconf 88' lang='lat' dir='ltr'><strong>Et</strong></span> <span class='ocrx_word' id='word_1_130' title='bbox 921 2655 1033 2738; x_wconf 86' lang='lat' dir='ltr'><strong>itaque</strong></span> <span class='ocrx_word' id='word_1_131' title='bbox 1052 2655 1279 2717; x_wconf 92' lang='lat' dir='ltr'><strong>Romanorum</strong></span> <span class='ocrx_word' id='word_1_132' title='bbox 1300 2654 1531 2735; x_wconf 87' lang='lat' dir='ltr'><strong>imperatorem</strong></span> <span class='ocrx_word' id='word_1_133' title='bbox 1549 2655 1708 2734; x_wconf 79' lang='lat' dir='ltr'><strong>audImus‚</strong></span> <span class='ocrx_word' id='word_1_134' title='bbox 1724 2665 1758 2720; x_wconf 87' lang='lat' dir='ltr'><strong>et</strong></span> <span class='ocrx_word' id='word_1_135' title='bbox 1776 2677 1904 2721; x_wconf 86' lang='lat' dir='ltr'><strong>sacrum</strong></span> 
     </span>
     <span class='ocr_line' id='line_1_16' title="bbox 507 2765 1904 2850; baseline 0.002 -20"><span class='ocrx_word' id='word_1_136' title='bbox 507 2767 697 2831; x_wconf 88' lang='lat' dir='ltr'><strong>Romanum</strong></span> <span class='ocrx_word' id='word_1_137' title='bbox 720 2767 902 2849; x_wconf 91' lang='lat' dir='ltr'><strong>imperium,</strong></span> <span class='ocrx_word' id='word_1_138' title='bbox 922 2776 956 2831; x_wconf 89' lang='lat' dir='ltr'><strong>et</strong></span> <span class='ocrx_word' id='word_1_139' title='bbox 979 2767 1060 2830; x_wconf 91' lang='lat' dir='ltr'><strong>sacri</strong></span> <span class='ocrx_word' id='word_1_140' title='bbox 1085 2765 1228 2829; x_wconf 84' lang='lat' dir='ltr'><strong>Romani</strong></span> <span class='ocrx_word' id='word_1_141' title='bbox 1251 2765 1377 2845; x_wconf 88' lang='lat' dir='ltr'><strong>imperii</strong></span> <span class='ocrx_word' id='word_1_142' title='bbox 1400 2765 1579 2844; x_wconf 90' lang='lat' dir='ltr'><strong>Electores,</strong></span> <span class='ocrx_word' id='word_1_143' title='bbox 1600 2777 1633 2831; x_wconf 89' lang='lat' dir='ltr'><strong>et</strong></span> <span class='ocrx_word' id='word_1_144' title='bbox 1656 2766 1789 2850; x_wconf 89' lang='lat' dir='ltr'><strong>reliqua.</strong></span> <span class='ocrx_word' id='word_1_145' title='bbox 1835 2767 1904 2833; x_wconf 89' lang='lat' dir='ltr'><strong>Sed</strong></span> 
     </span>
     <span class='ocr_line' id='line_1_17' title="bbox 507 2875 1905 2961; baseline 0.001 -21"><span class='ocrx_word' id='word_1_146' title='bbox 507 2899 551 2940; x_wconf 88' lang='lat' dir='ltr'><strong>ex</strong></span> <span class='ocrx_word' id='word_1_147' title='bbox 575 2878 736 2942; x_wconf 88' lang='lat' dir='ltr'><strong>contrario</strong></span> <span class='ocrx_word' id='word_1_148' title='bbox 759 2886 880 2954; x_wconf 86' lang='lat' dir='ltr'><strong>tamen,</strong></span> <span class='ocrx_word' id='word_1_149' title='bbox 895 2877 958 2941; x_wconf 91' lang='lat' dir='ltr'><strong>hoc</strong></span> <span class='ocrx_word' id='word_1_150' title='bbox 981 2897 1046 2941; x_wconf 93' lang='lat' dir='ltr'><strong>non</strong></span> <span class='ocrx_word' id='word_1_151' title='bbox 1058 2899 1132 2942; x_wconf 86' lang='lat' dir='ltr'><strong>esse</strong></span> <span class='ocrx_word' id='word_1_152' title='bbox 1156 2875 1345 2939; x_wconf 91' lang='lat' dir='ltr'><strong>Romanum</strong></span> <span class='ocrx_word' id='word_1_153' title='bbox 1369 2877 1549 2959; x_wconf 87' lang='lat' dir='ltr'><strong>imperium,</strong></span> <span class='ocrx_word' id='word_1_154' title='bbox 1565 2878 1801 2960; x_wconf 87' lang='lat' dir='ltr'><strong>disputaueris:</strong></span> <span class='ocrx_word' id='word_1_155' title='bbox 1824 2897 1905 2961; x_wconf 92' lang='lat' dir='ltr'><strong>quo-</strong></span> 
     </span>
     <span class='ocr_line' id='line_1_18' title="bbox 507 2987 1904 3072; baseline 0 -20"><span class='ocrx_word' id='word_1_156' title='bbox 507 2988 595 3052; x_wconf 90' lang='lat' dir='ltr'><strong>niam</strong></span> <span class='ocrx_word' id='word_1_157' title='bbox 613 2990 655 3052; x_wconf 89' lang='lat' dir='ltr'><strong>de</strong></span> <span class='ocrx_word' id='word_1_158' title='bbox 675 2987 829 3052; x_wconf 89' lang='lat' dir='ltr'><strong>Romano</strong></span> <span class='ocrx_word' id='word_1_159' title='bbox 848 2989 985 3071; x_wconf 89' lang='lat' dir='ltr'><strong>imperio</strong></span> <span class='ocrx_word' id='word_1_160' title='bbox 1004 2987 1083 3051; x_wconf 91' lang='lat' dir='ltr'><strong>nihil</strong></span> <span class='ocrx_word' id='word_1_161' title='bbox 1103 2989 1135 3051; x_wconf 92' lang='lat' dir='ltr'><strong>in</strong></span> <span class='ocrx_word' id='word_1_162' title='bbox 1154 2997 1261 3052; x_wconf 90' lang='lat' dir='ltr'><strong>totum</strong></span> <span class='ocrx_word' id='word_1_163' title='bbox 1278 3008 1447 3070; x_wconf 90' lang='lat' dir='ltr'><strong>superesse</strong></span> <span class='ocrx_word' id='word_1_164' title='bbox 1463 2989 1632 3066; x_wconf 83' lang='lat' dir='ltr'><strong>uideatur3</strong></span> <span class='ocrx_word' id='word_1_165' title='bbox 1655 2999 1690 3053; x_wconf 90' lang='lat' dir='ltr'><strong>at</strong></span> <span class='ocrx_word' id='word_1_166' title='bbox 1708 2990 1904 3072; x_wconf 87' lang='lat' dir='ltr'><strong>dissipatum</strong></span> 
     </span>
     <span class='ocr_line' id='line_1_19' title="bbox 507 3098 1905 3182; baseline 0.001 -18"><span class='ocrx_word' id='word_1_167' title='bbox 507 3101 558 3178; x_wconf 90' lang='lat' dir='ltr'><strong>sit,</strong></span> <span class='ocrx_word' id='word_1_168' title='bbox 575 3109 608 3164; x_wconf 90' lang='lat' dir='ltr'><strong>et</strong></span> <span class='ocrx_word' id='word_1_169' title='bbox 625 3098 756 3163; x_wconf 48' lang='lat' dir='ltr'><strong>ab&#39;aliis</strong></span> <span class='ocrx_word' id='word_1_170' title='bbox 774 3100 928 3181; x_wconf 87' lang='lat' dir='ltr'><strong>gentibus</strong></span> <span class='ocrx_word' id='word_1_171' title='bbox 948 3109 1145 3182; x_wconf 88' lang='lat' dir='ltr'><strong>occupatum</strong></span> <span class='ocrx_word' id='word_1_172' title='bbox 1165 3109 1322 3163; x_wconf 89' lang='lat' dir='ltr'><strong>teneatur.</strong></span> <span class='ocrx_word' id='word_1_173' title='bbox 1369 3098 1545 3180; x_wconf 85' lang='lat' dir='ltr'><strong>Distingue</strong></span> <span class='ocrx_word' id='word_1_174' title='bbox 1565 3112 1676 3164; x_wconf 88' lang='lat' dir='ltr'><strong>autem</strong></span> <span class='ocrx_word' id='word_1_175' title='bbox 1697 3110 1799 3165; x_wconf 87' lang='lat' dir='ltr'><strong>terras</strong></span> <span class='ocrx_word' id='word_1_176' title='bbox 1819 3100 1905 3165; x_wconf 89' lang='lat' dir='ltr'><strong>illius</strong></span> 
     </span>
     <span class='ocr_line' id='line_1_20' title="bbox 507 3209 1904 3294; baseline 0.001 -20"><span class='ocrx_word' id='word_1_177' title='bbox 507 3212 643 3292; x_wconf 82' lang='lat' dir='ltr'><strong>Imperii,</strong></span> <span class='ocrx_word' id='word_1_178' title='bbox 665 3219 702 3275; x_wconf 91' lang='lat' dir='ltr'><strong>ut</strong></span> <span class='ocrx_word' id='word_1_179' title='bbox 729 3231 794 3273; x_wconf 89' lang='lat' dir='ltr'><strong>una</strong></span> <span class='ocrx_word' id='word_1_180' title='bbox 819 3230 895 3292; x_wconf 87' lang='lat' dir='ltr'><strong>pars</strong></span> <span class='ocrx_word' id='word_1_181' title='bbox 921 3212 963 3274; x_wconf 92' lang='lat' dir='ltr'><strong>sit</strong></span> <span class='ocrx_word' id='word_1_182' title='bbox 989 3231 1090 3292; x_wconf 85' lang='lat' dir='ltr'><strong>quam</strong></span> <span class='ocrx_word' id='word_1_183' title='bbox 1116 3209 1223 3284; x_wconf 89' lang='lat' dir='ltr'><strong>Turci,</strong></span> <span class='ocrx_word' id='word_1_184' title='bbox 1247 3219 1280 3272; x_wconf 89' lang='lat' dir='ltr'><strong>et</strong></span> <span class='ocrx_word' id='word_1_185' title='bbox 1306 3209 1360 3272; x_wconf 91' lang='lat' dir='ltr'><strong>alii</strong></span> <span class='ocrx_word' id='word_1_186' title='bbox 1387 3209 1516 3273; x_wconf 86' lang='lat' dir='ltr'><strong>barbari</strong></span> <span class='ocrx_word' id='word_1_187' title='bbox 1543 3219 1679 3275; x_wconf 89' lang='lat' dir='ltr'><strong>tenent:</strong></span> <span class='ocrx_word' id='word_1_188' title='bbox 1710 3211 1774 3274; x_wconf 85' lang='lat' dir='ltr'><strong>alia</strong></span> <span class='ocrx_word' id='word_1_189' title='bbox 1803 3233 1904 3294; x_wconf 90' lang='lat' dir='ltr'><strong>quarn</strong></span> 
     </span>
     <span class='ocr_line' id='line_1_21' title="bbox 507 3320 1906 3404; baseline 0.001 -18"><span class='ocrx_word' id='word_1_190' title='bbox 507 3331 623 3386; x_wconf 87' lang='lat' dir='ltr'><strong>tenent</strong></span> <span class='ocrx_word' id='word_1_191' title='bbox 644 3321 757 3404; x_wconf 88' lang='lat' dir='ltr'><strong>Angli,</strong></span> <span class='ocrx_word' id='word_1_192' title='bbox 781 3322 906 3399; x_wconf 72' lang='lat' dir='ltr'><strong>Franci</strong></span> <span class='ocrx_word' id='word_1_193' title='bbox 929 3321 1091 3404; x_wconf 75' lang='lat' dir='ltr'><strong>HiSpani:</strong></span> <span class='ocrx_word' id='word_1_194' title='bbox 1118 3321 1216 3384; x_wconf 87' lang='lat' dir='ltr'><strong>tertia</strong></span> <span class='ocrx_word' id='word_1_195' title='bbox 1237 3321 1333 3384; x_wconf 88' lang='lat' dir='ltr'><strong>sedes</strong></span> <span class='ocrx_word' id='word_1_196' title='bbox 1355 3320 1434 3383; x_wconf 84' lang='lat' dir='ltr'><strong>olim</strong></span> <span class='ocrx_word' id='word_1_197' title='bbox 1457 3322 1592 3404; x_wconf 86' lang='lat' dir='ltr'><strong>Imperii,</strong></span> <span class='ocrx_word' id='word_1_198' title='bbox 1612 3343 1711 3404; x_wconf 92' lang='lat' dir='ltr'><strong>quam</strong></span> <span class='ocrx_word' id='word_1_199' title='bbox 1735 3323 1906 3387; x_wconf 87' lang='lat' dir='ltr'><strong>Romanus</strong></span> 
     </span>
     <span class='ocr_line' id='line_1_22' title="bbox 507 3430 1906 3515; baseline 0 -19"><span class='ocrx_word' id='word_1_200' title='bbox 507 3433 668 3515; x_wconf 74' lang='lat' dir='ltr'><strong>pontiseX‚</strong></span> <span class='ocrx_word' id='word_1_201' title='bbox 685 3433 818 3508; x_wconf 89' lang='lat' dir='ltr'><strong>Ueneti,</strong></span> <span class='ocrx_word' id='word_1_202' title='bbox 837 3440 870 3496; x_wconf 91' lang='lat' dir='ltr'><strong>et</strong></span> <span class='ocrx_word' id='word_1_203' title='bbox 888 3433 943 3495; x_wconf 90' lang='lat' dir='ltr'><strong>alii</strong></span> <span class='ocrx_word' id='word_1_204' title='bbox 964 3431 1081 3496; x_wconf 88' lang='lat' dir='ltr'><strong>Italiae</strong></span> <span class='ocrx_word' id='word_1_205' title='bbox 1101 3432 1263 3514; x_wconf 80' lang='lat' dir='ltr'><strong>priupres</strong></span> <span class='ocrx_word' id='word_1_206' title='bbox 1280 3430 1426 3495; x_wconf 88' lang='lat' dir='ltr'><strong>habent:</strong></span> <span class='ocrx_word' id='word_1_207' title='bbox 1450 3440 1619 3513; x_wconf 87' lang='lat' dir='ltr'><strong>postrema</strong></span> <span class='ocrx_word' id='word_1_208' title='bbox 1633 3454 1733 3515; x_wconf 92' lang='lat' dir='ltr'><strong>quam</strong></span> <span class='ocrx_word' id='word_1_209' title='bbox 1750 3433 1906 3498; x_wconf 83' lang='lat' dir='ltr'><strong>Germani</strong></span> 
     </span>
     <span class='ocr_line' id='line_1_23' title="bbox 508 3541 1906 3629; baseline 0 -21"><span class='ocrx_word' id='word_1_210' title='bbox 508 3546 578 3629; x_wconf 85' lang='lat' dir='ltr'><strong>ipsI,</strong></span> <span class='ocrx_word' id='word_1_211' title='bbox 601 3545 656 3628; x_wconf 92' lang='lat' dir='ltr'><strong>qui</strong></span> <span class='ocrx_word' id='word_1_212' title='bbox 683 3544 816 3609; x_wconf 88' lang='lat' dir='ltr'><strong>titulum</strong></span> <span class='ocrx_word' id='word_1_213' title='bbox 839 3544 927 3608; x_wconf 90' lang='lat' dir='ltr'><strong>hunc</strong></span> <span class='ocrx_word' id='word_1_214' title='bbox 957 3543 1101 3606; x_wconf 92' lang='lat' dir='ltr'><strong>Romani</strong></span> <span class='ocrx_word' id='word_1_215' title='bbox 1126 3543 1254 3624; x_wconf 86' lang='lat' dir='ltr'><strong>Imperii</strong></span> <span class='ocrx_word' id='word_1_216' title='bbox 1281 3541 1342 3606; x_wconf 91' lang='lat' dir='ltr'><strong>soli</strong></span> <span class='ocrx_word' id='word_1_217' title='bbox 1370 3541 1519 3606; x_wconf 89' lang='lat' dir='ltr'><strong>retinent.</strong></span> <span class='ocrx_word' id='word_1_218' title='bbox 1572 3541 1688 3625; x_wconf 90' lang='lat' dir='ltr'><strong>Atque</strong></span> <span class='ocrx_word' id='word_1_219' title='bbox 1712 3545 1754 3607; x_wconf 85' lang='lat' dir='ltr'><strong>ad</strong></span> <span class='ocrx_word' id='word_1_220' title='bbox 1780 3544 1906 3609; x_wconf 89' lang='lat' dir='ltr'><strong>Turcas</strong></span> 
     </span>
     <span class='ocr_line' id='line_1_24' title="bbox 508 3652 1904 3738; baseline -0.001 -18"><span class='ocrx_word' id='word_1_221' title='bbox 508 3657 597 3738; x_wconf 89' lang='lat' dir='ltr'><strong>quod</strong></span> <span class='ocrx_word' id='word_1_222' title='bbox 625 3658 753 3735; x_wconf 89' lang='lat' dir='ltr'><strong>attinet,</strong></span> <span class='ocrx_word' id='word_1_223' title='bbox 776 3655 972 3738; x_wconf 85' lang='lat' dir='ltr'><strong>expeditum</strong></span> <span class='ocrx_word' id='word_1_224' title='bbox 999 3654 1094 3717; x_wconf 91' lang='lat' dir='ltr'><strong>nobis</strong></span> <span class='ocrx_word' id='word_1_225' title='bbox 1121 3673 1192 3718; x_wconf 88' lang='lat' dir='ltr'><strong>esse</strong></span> <span class='ocrx_word' id='word_1_226' title='bbox 1215 3652 1300 3731; x_wconf 91' lang='lat' dir='ltr'><strong>uolo,</strong></span> <span class='ocrx_word' id='word_1_227' title='bbox 1323 3672 1388 3716; x_wconf 93' lang='lat' dir='ltr'><strong>non</strong></span> <span class='ocrx_word' id='word_1_228' title='bbox 1412 3673 1484 3716; x_wconf 87' lang='lat' dir='ltr'><strong>esse</strong></span> <span class='ocrx_word' id='word_1_229' title='bbox 1506 3673 1562 3716; x_wconf 91' lang='lat' dir='ltr'><strong>eos</strong></span> <span class='ocrx_word' id='word_1_230' title='bbox 1587 3653 1777 3728; x_wconf 81' lang='lat' dir='ltr'><strong>Romanum</strong></span> <span class='ocrx_word' id='word_1_231' title='bbox 1801 3656 1904 3737; x_wconf 86' lang='lat' dir='ltr'><strong>impe-</strong></span> 
     </span>
     <span class='ocr_line' id='line_1_25' title="bbox 508 3759 1905 3849; baseline -0.001 -20"><span class='ocrx_word' id='word_1_232' title='bbox 508 3767 600 3844; x_wconf 88' lang='lat' dir='ltr'><strong>rium,</strong></span> <span class='ocrx_word' id='word_1_233' title='bbox 615 3768 671 3849; x_wconf 91' lang='lat' dir='ltr'><strong>qui</strong></span> <span class='ocrx_word' id='word_1_234' title='bbox 693 3786 752 3829; x_wconf 91' lang='lat' dir='ltr'><strong>nec</strong></span> <span class='ocrx_word' id='word_1_235' title='bbox 776 3785 897 3829; x_wconf 91' lang='lat' dir='ltr'><strong>nomen</strong></span> <span class='ocrx_word' id='word_1_236' title='bbox 918 3764 1061 3827; x_wconf 90' lang='lat' dir='ltr'><strong>Romani</strong></span> <span class='ocrx_word' id='word_1_237' title='bbox 1081 3759 1207 3845; x_wconf 87' lang='lat' dir='ltr'><strong>imperii</strong></span> <span class='ocrx_word' id='word_1_238' title='bbox 1228 3773 1354 3828; x_wconf 90' lang='lat' dir='ltr'><strong>tenent.</strong></span> <span class='ocrx_word' id='word_1_239' title='bbox 1401 3763 1638 3829; x_wconf 87' lang='lat' dir='ltr'><strong>Saracenorum</strong></span> <span class='ocrx_word' id='word_1_240' title='bbox 1657 3765 1775 3828; x_wconf 82' lang='lat' dir='ltr'><strong>dIcitur</strong></span> <span class='ocrx_word' id='word_1_241' title='bbox 1793 3785 1905 3829; x_wconf 88' lang='lat' dir='ltr'><strong>eorum</strong></span> 
     </span>
     <span class='ocr_line' id='line_1_26' title="bbox 508 3873 1906 3958; baseline 0 -19"><span class='ocrx_word' id='word_1_242' title='bbox 508 3877 681 3957; x_wconf 90' lang='lat' dir='ltr'><strong>imperium</strong></span> <span class='ocrx_word' id='word_1_243' title='bbox 705 3877 842 3940; x_wconf 89' lang='lat' dir='ltr'><strong>rectius:</strong></span> <span class='ocrx_word' id='word_1_244' title='bbox 873 3875 1007 3958; x_wconf 91' lang='lat' dir='ltr'><strong>quando</strong></span> <span class='ocrx_word' id='word_1_245' title='bbox 1030 3875 1164 3956; x_wconf 89' lang='lat' dir='ltr'><strong>quidem</strong></span> <span class='ocrx_word' id='word_1_246' title='bbox 1183 3895 1203 3936; x_wconf 91' lang='lat' dir='ltr'><strong>a</strong></span> <span class='ocrx_word' id='word_1_247' title='bbox 1222 3873 1393 3938; x_wconf 90' lang='lat' dir='ltr'><strong>Saracenis</strong></span> <span class='ocrx_word' id='word_1_248' title='bbox 1415 3875 1507 3956; x_wconf 89' lang='lat' dir='ltr'><strong>quasi</strong></span> <span class='ocrx_word' id='word_1_249' title='bbox 1530 3895 1733 3940; x_wconf 84' lang='lat' dir='ltr'><strong>successores</strong></span> <span class='ocrx_word' id='word_1_250' title='bbox 1756 3896 1856 3958; x_wconf 86' lang='lat' dir='ltr'><strong>regna</strong></span> <span class='ocrx_word' id='word_1_251' title='bbox 1872 3885 1906 3940; x_wconf 87' lang='lat' dir='ltr'><strong>et</strong></span> 
     </span>
     <span class='ocr_line' id='line_1_27' title="bbox 509 3983 1906 4068; baseline 0.001 -19"><span class='ocrx_word' id='word_1_252' title='bbox 509 3986 700 4068; x_wconf 89' lang='lat' dir='ltr'><strong>religionem</strong></span> <span class='ocrx_word' id='word_1_253' title='bbox 720 3985 948 4067; x_wconf 79' lang='lat' dir='ltr'><strong>acceperunt³.</strong></span> <span class='ocrx_word' id='word_1_254' title='bbox 996 3985 1049 4047; x_wconf 90' lang='lat' dir='ltr'><strong>De</strong></span> <span class='ocrx_word' id='word_1_255' title='bbox 1072 3983 1226 4048; x_wconf 90' lang='lat' dir='ltr'><strong>Romano</strong></span> <span class='ocrx_word' id='word_1_256' title='bbox 1246 3983 1383 4066; x_wconf 89' lang='lat' dir='ltr'><strong>imperio</strong></span> <span class='ocrx_word' id='word_1_257' title='bbox 1398 3995 1604 4066; x_wconf 89' lang='lat' dir='ltr'><strong>acceperunt,</strong></span> <span class='ocrx_word' id='word_1_258' title='bbox 1619 3986 1678 4050; x_wconf 89' lang='lat' dir='ltr'><strong>sed</strong></span> <span class='ocrx_word' id='word_1_259' title='bbox 1698 4007 1763 4051; x_wconf 92' lang='lat' dir='ltr'><strong>non</strong></span> <span class='ocrx_word' id='word_1_260' title='bbox 1781 3986 1906 4051; x_wconf 90' lang='lat' dir='ltr'><strong>Roma-</strong></span> 
     </span>
     <span class='ocr_line' id='line_1_28' title="bbox 509 4091 1906 4177; baseline 0.001 -18"><span class='ocrx_word' id='word_1_261' title='bbox 509 4091 589 4159; x_wconf 88' lang='lat' dir='ltr'><strong>num</strong></span> <span class='ocrx_word' id='word_1_262' title='bbox 612 4095 792 4177; x_wconf 87' lang='lat' dir='ltr'><strong>Imperium.</strong></span> <span class='ocrx_word' id='word_1_263' title='bbox 848 4096 887 4158; x_wconf 93' lang='lat' dir='ltr'><strong>In</strong></span> <span class='ocrx_word' id='word_1_264' title='bbox 909 4095 1047 4158; x_wconf 90' lang='lat' dir='ltr'><strong>Francia</strong></span> <span class='ocrx_word' id='word_1_265' title='bbox 1069 4113 1129 4157; x_wconf 92' lang='lat' dir='ltr'><strong>nec</strong></span> <span class='ocrx_word' id='word_1_266' title='bbox 1152 4103 1201 4158; x_wconf 91' lang='lat' dir='ltr'><strong>est</strong></span> <span class='ocrx_word' id='word_1_267' title='bbox 1224 4093 1397 4176; x_wconf 88' lang='lat' dir='ltr'><strong>imperium</strong></span> <span class='ocrx_word' id='word_1_268' title='bbox 1422 4096 1632 4161; x_wconf 88' lang='lat' dir='ltr'><strong>Romanum:</strong></span> <span class='ocrx_word' id='word_1_269' title='bbox 1665 4098 1720 4161; x_wconf 91' lang='lat' dir='ltr'><strong>ubi</strong></span> <span class='ocrx_word' id='word_1_270' title='bbox 1746 4118 1806 4162; x_wconf 89' lang='lat' dir='ltr'><strong>nec</strong></span> <span class='ocrx_word' id='word_1_271' title='bbox 1830 4106 1906 4162; x_wconf 91' lang='lat' dir='ltr'><strong>sunt</strong></span> 
     </span>
     <span class='ocr_line' id='line_1_29' title="bbox 509 4195 1905 4291; baseline 0.002 -21"><span class='ocrx_word' id='word_1_272' title='bbox 509 4208 574 4270; x_wconf 91' lang='lat' dir='ltr'><strong>iam</strong></span> <span class='ocrx_word' id='word_1_273' title='bbox 600 4195 657 4270; x_wconf 85' lang='lat' dir='ltr'><strong>diu</strong></span> <span class='ocrx_word' id='word_1_274' title='bbox 684 4205 897 4288; x_wconf 87' lang='lat' dir='ltr'><strong>imperatores</strong></span> <span class='ocrx_word' id='word_1_275' title='bbox 921 4205 1159 4268; x_wconf 89' lang='lat' dir='ltr'><strong>Romanorum.</strong></span> <span class='ocrx_word' id='word_1_276' title='bbox 1192 4213 1226 4268; x_wconf 90' lang='lat' dir='ltr'><strong>et</strong></span> <span class='ocrx_word' id='word_1_277' title='bbox 1252 4206 1368 4270; x_wconf 87' lang='lat' dir='ltr'><strong>Franci</strong></span> <span class='ocrx_word' id='word_1_278' title='bbox 1399 4206 1528 4271; x_wconf 82' lang='lat' dir='ltr'><strong>francos</strong></span> <span class='ocrx_word' id='word_1_279' title='bbox 1555 4227 1590 4271; x_wconf 92' lang='lat' dir='ltr'><strong>se</strong></span> <span class='ocrx_word' id='word_1_280' title='bbox 1620 4227 1750 4291; x_wconf 89' lang='lat' dir='ltr'><strong>semper</strong></span> <span class='ocrx_word' id='word_1_281' title='bbox 1774 4210 1819 4273; x_wconf 88' lang='lat' dir='ltr'><strong>ab</strong></span> <span class='ocrx_word' id='word_1_282' title='bbox 1848 4209 1905 4273; x_wconf 93' lang='lat' dir='ltr'><strong>illo</strong></span> 
     </span>
    </p>
   </div>
   <div class='ocr_carea' id='block_1_5' title="bbox 575 4485 1839 4552">
    <p class='ocr_par' dir='ltr' id='par_1_5' title="bbox 575 4485 1839 4552">
     <span class='ocr_line' id='line_1_30' title="bbox 575 4485 1839 4552; baseline 0.001 -13"><span class='ocrx_word' id='word_1_283' title='bbox 575 4487 584 4518; x_wconf 87' lang='lat'><em>¹</em></span> <span class='ocrx_word' id='word_1_284' title='bbox 600 4488 686 4540; x_wconf 78' lang='lat' dir='ltr'><strong>Cuiac.</strong></span> <span class='ocrx_word' id='word_1_285' title='bbox 698 4501 719 4538; x_wconf 90' lang='lat' dir='ltr'><strong>c.</strong></span> <span class='ocrx_word' id='word_1_286' title='bbox 730 4485 776 4536; x_wconf 88' lang='lat' dir='ltr'><strong>ult.</strong></span> <span class='ocrx_word' id='word_1_287' title='bbox 787 4487 819 4536; x_wconf 87' lang='lat' dir='ltr'><strong>de</strong></span> <span class='ocrx_word' id='word_1_288' title='bbox 829 4485 863 4536; x_wconf 81' lang='lat' dir='ltr'><strong>so.</strong></span> <span class='ocrx_word' id='word_1_289' title='bbox 875 4501 913 4537; x_wconf 90' lang='lat' dir='ltr'><strong>co.</strong></span> <span class='ocrx_word' id='word_1_290' title='bbox 974 4485 984 4513; x_wconf 86' lang='lat'>²</span> <span class='ocrx_word' id='word_1_291' title='bbox 1001 4487 1091 4538; x_wconf 79' lang='lat' dir='ltr'><strong>Couar.</strong></span> <span class='ocrx_word' id='word_1_292' title='bbox 1104 4486 1166 4550; x_wconf 85' lang='lat' dir='ltr'><strong>Reg.</strong></span> <span class='ocrx_word' id='word_1_293' title='bbox 1179 4485 1318 4548; x_wconf 84' lang='lat' dir='ltr'><strong>Peccatum,</strong></span> <span class='ocrx_word' id='word_1_294' title='bbox 1331 4503 1356 4552; x_wconf 91' lang='lat' dir='ltr'><strong>p.</strong></span> <span class='ocrx_word' id='word_1_295' title='bbox 1370 4501 1391 4537; x_wconf 81' lang='lat' dir='ltr'><strong>a.</strong></span> <span class='ocrx_word' id='word_1_296' title='bbox 1408 4493 1420 4548; x_wconf 74' lang='grc'><strong>5</strong></span> <span class='ocrx_word' id='word_1_297' title='bbox 1433 4503 1457 4552; x_wconf 88' lang='lat'><strong>9.</strong></span> <span class='ocrx_word' id='word_1_298' title='bbox 1521 4489 1531 4520; x_wconf 78' lang='lat'>⁸</span> <span class='ocrx_word' id='word_1_299' title='bbox 1549 4491 1634 4540; x_wconf 82' lang='lat' dir='ltr'><strong>Cuiac.</strong></span> <span class='ocrx_word' id='word_1_300' title='bbox 1646 4506 1669 4540; x_wconf 89' lang='lat' dir='ltr'><strong>c.</strong></span> <span class='ocrx_word' id='word_1_301' title='bbox 1683 4504 1720 4539; x_wconf 87' lang='lat'><strong>21.</strong></span> <span class='ocrx_word' id='word_1_302' title='bbox 1732 4490 1764 4540; x_wconf 87' lang='lat' dir='ltr'><strong>de</strong></span> <span class='ocrx_word' id='word_1_303' title='bbox 1774 4492 1839 4541; x_wconf 88' lang='lat' dir='ltr'><strong>testi.</strong></span> 
     </span>
    </p>
   </div>
   <div class='ocr_carea' id='block_1_6' title="bbox 0 0 2314 5556">
    <p class='ocr_par' dir='ltr' id='par_1_6' title="bbox 0 0 2314 5556">
     <span class='ocr_line' id='line_1_31' title="bbox 0 0 2314 5556; baseline 0 0"><span class='ocrx_word' id='word_1_304' title='bbox 0 0 2314 5556; x_wconf 95' lang='lat' dir='ltr'><strong> </strong></span> 
     </span>
    </p>
   </div>
  </div>
 </body>
</html>
