4604 5562
493 673 554 718 110
975 663 1178 716 ALBERICI
1206 662 1407 716 GENTILIS

490 906 622 970 retinuit
642 906 801 988 populus:
824 905 980 985 sequitur,
995 913 1031 966 ut
1051 923 1156 984 neque
1174 913 1250 984 post
1269 904 1301 965 in
1322 903 1477 967 Carolum
1494 905 1619 968 deferre
1634 904 1772 968 ualuerit
1792 904 1888 969 Occi-

451 991 456 1002 .
489 1019 597 1081 dentis
620 1018 801 1099 imperium,
820 1017 878 1078 sed
900 1015 948 1078 sui
969 1023 1108 1090 tantum,
1127 1023 1160 1076 et
1177 1034 1331 1077 suorum:
1355 1015 1456 1078 ueluti
1475 1017 1591 1079 ciuitas
1608 1014 1783 1098 quaelibet,
1802 1035 1887 1097 quae

490 1128 577 1192 male
602 1128 717 1190 habita
742 1148 762 1189 a
787 1126 934 1208 principe
958 1125 1055 1207 priori
1081 1124 1165 1206 sugit
1191 1126 1233 1188 ad
1261 1125 1370 1188 alium.
1402 1135 1435 1189 et
1462 1127 1572 1208 itaque
1596 1126 1786 1191 Occidentis
1813 1125 1886 1188 reli·

489 1259 591 1321 quum
614 1239 786 1320 imperium
810 1237 927 1300 eodem
949 1237 1011 1298 ritu
1034 1236 1224 1299 dedentium
1246 1255 1282 1297 se
1305 1236 1485 1314 ciuitatum,
1503 1247 1561 1300 aut
1583 1246 1886 1319 captarumpeme·

492 1351 573 1412 nerit
594 1350 627 1411 in
646 1347 800 1413 Carolum
813 1346 832 1409 ¹.
879 1345 1010 1411 Subditi
1030 1356 1237 1423 excusantur,
1253 1347 1279 1408 si
1300 1347 1418 1410 timore
1438 1347 1552 1410 mortis
1572 1357 1604 1410 et
1623 1347 1887 1428 depopulationis

491 1461 635 1523 semiunt
649 1460 808 1535 hostibus,
822 1467 855 1522 et
873 1456 972 1520 fidem
989 1457 1103 1532 iurant,
1120 1466 1152 1519 et
1168 1457 1264 1519 urbes
1279 1458 1413 1520 tradunt
1423 1455 1443 1520 ².
1488 1457 1560 1521 Nec
1576 1457 1650 1520 dico
1665 1468 1786 1534 tamen,
1802 1457 1887 1538 prin-

491 1571 555 1652 cipi
578 1571 653 1634 hinc
676 1571 725 1633 ius
747 1568 906 1633 imminui.
953 1567 1075 1631 Semus
1098 1567 1185 1630 enim
1209 1569 1414 1649 possessione
1437 1568 1607 1630 dominum
1630 1588 1695 1632 non
1718 1569 1887 1632 subuertit.

493 1682 558 1745 imo
575 1683 692 1745 retinet
709 1681 861 1744 dominus
877 1679 1116 1762 possessionem
1132 1697 1191 1759 per
1202 1676 1304 1773 eum³.
1332 1677 1434 1742 Unde
1449 1698 1511 1759 ego
1527 1679 1686 1756 dicebam,
1698 1680 1788 1760 quod
1800 1680 1827 1741 si
1843 1680 1888 1742 ita

490 1812 559 1874 pax
583 1793 771 1856 conueniret
794 1791 877 1852 inter
894 1788 1042 1870 Anglam
1066 1797 1100 1850 et
1124 1787 1320 1868 Hispanum,
1335 1797 1369 1850 et
1385 1788 1469 1851 inter
1485 1789 1672 1870 Hispanum
1691 1809 1730 1852 ac
1746 1788 1888 1864 Gallum,

491 1913 527 1966 ut
549 1923 633 1984 quae
657 1902 804 1985 possidet
826 1900 971 1982 quisque,
993 1919 1031 1962 ea
1055 1900 1243 1982 possideret,
1268 1919 1373 1980 neque
1395 1898 1478 1960 alius
1501 1900 1532 1961 in
1562 1899 1645 1962 alius
1669 1900 1715 1963 sic
1738 1920 1888 1982 possessa

492 2013 622 2076 iniicere
648 2013 793 2075 animum
817 2031 857 2073 ac
879 2029 1013 2072 manum
1040 2010 1195 2090 deinceps
1218 2019 1348 2091 posset;
1378 2010 1468 2090 quod
1492 2028 1557 2072 non
1581 2020 1692 2091 posset
1717 2010 1887 2091 Hispanus

493 2124 672 2187 Hibernica
687 2123 850 2205 quaedam
871 2122 960 2198 inire,
975 2122 1062 2184 unde
1077 2119 1190 2200 Angla
1209 2140 1295 2182 nunc
1314 2121 1414 2183 rectio
1431 2120 1567 2201 depulsa
1585 2131 1635 2184 est
1655 2141 1713 2203 per
1732 2121 1886 2184 rebellem

491 2253 631 2298 seruum.
662 2253 727 2296 non
748 2241 860 2315 posset
882 2233 962 2294 inire
983 2230 1119 2306 Gallica,
1136 2231 1223 2293 unde
1243 2231 1408 2294 deiectum
1427 2240 1555 2294 arcetur
1574 2231 1643 2312 pari
1666 2233 1766 2294 modo
1784 2233 1887 2314 impe-

492 2345 575 2406 rium
598 2345 733 2425 regium.
779 2343 852 2405 Imo
873 2343 899 2404 si
918 2341 973 2404 ille
993 2341 1198 2418 Hibernicus,
1216 2340 1269 2404 hic
1292 2339 1438 2404 Gallicus
1461 2343 1654 2423 quaesiisset
1672 2343 1715 2406 de
1735 2342 1887 2424 Hispano

490 2453 623 2536 aliquid,
647 2455 680 2517 id
707 2474 767 2517 nec
795 2453 963 2533 Hispanus
990 2461 1160 2532 repeteret,
1183 2453 1270 2534 quod
1296 2450 1437 2534 Anglae,
1461 2451 1559 2515 Gallo
1581 2453 1766 2534 quaesitum
1793 2464 1888 2519 esset.

490 2564 623 2630 Scilicet
645 2565 788 2646 adquirit
810 2563 966 2644 fugitiuus
989 2561 1093 2636 nobis,
1113 2572 1147 2625 et
1170 2563 1225 2643 qui
1248 2562 1417 2625 nobiscum
1441 2564 1612 2626 contendit
1634 2584 1694 2645 pro
1716 2564 1887 2626 libertate:

492 2677 553 2738 etsi
573 2677 600 2739 is
619 2696 685 2739 non
708 2695 787 2738 sane
809 2675 874 2737 iam
898 2674 1136 2755 possideatura
1153 2672 1247 2735 nobis
1258 2671 1279 2735 ⁴.
1326 2672 1393 2736 Sed
1409 2674 1499 2754 quod
1521 2673 1573 2737 hic
1592 2660 1706 2752 tracto,
1721 2677 1890 2757 tradoque,

492 2787 526 2850 id
553 2796 611 2863 est,
634 2787 815 2867 principem
842 2784 948 2866 ipsum
977 2803 1057 2857 esse,
1083 2783 1139 2865 qui
1166 2783 1448 2864 perdit‘subditos
1475 2805 1558 2862 suos,
1580 2806 1664 2866 quos
1690 2787 1800 2867 prodit
1830 2805 1889 2849 nec

493 2895 649 2960 defendit.
695 2893 856 2977 Populum
881 2893 1124 2974 interficit,·qui
1150 2912 1215 2956 non
1242 2895 1398 2956 succurrit
1426 2895 1464 2958 ei.
1498 2904 1531 2956 et
1558 2895 1680 2958 iustitia
1704 2896 1781 2960 iacti
1813 2898 1889 2959 sub-

492 3009 635 3071 ditorum
659 3007 705 3069 sic
728 3004 898 3068 inualescit
908 3004 929 3067 ⁵.
976 3003 1105 3067 lustitia
1129 3003 1271 3066 Romani
1295 3003 1407 3085 populi
1431 3005 1500 3082 luit,
1519 3007 1607 3086 quod
1631 3016 1662 3069 et
1685 3008 1779 3070 sedes
1802 3005 1889 3070 illinc

492 3118 619 3198 imperii
647 3116 805 3180 translata
836 3116 867 3176 in
893 3113 1065 3177 Graeciam
1096 3112 1210 3189 suerat,
1233 3133 1268 3176 se
1295 3114 1403 3177 Roma
1431 3115 1543 3178 relicta
1567 3117 1660 3180 sicuti
1689 3117 1889 3199 praefectura

449 3235 451 3238 ’
492 3229 620 3310 aliqua:
643 3229 676 3290 in
692 3247 758 3310 qua
774 3236 886 3289 tamen
902 3225 982 3288 urbe
997 3226 1059 3288 sita
1074 3225 1206 3287 fortuna
1221 3225 1415 3288 censebatur
1430 3227 1557 3308 imperii
1568 3227 1589 3290 ⁰.
1629 3227 1731 3292 Adde
1747 3228 1890 3294 mulieris

492 3350 562 3403 tum
586 3357 732 3420 regnum,
756 3356 825 3399 rem
851 3335 1042 3412 inauditam,
1063 3345 1096 3398 et
1121 3335 1289 3416 indignam
1314 3335 1346 3398 in
1370 3335 1426 3398 illo
1450 3337 1620 3418 imperial.
1675 3337 1825 3403 Aduerte
1847 3342 1889 3404 ad

492 3451 670 3525 mulierem,
685 3469 770 3530 quae
789 3455 967 3510 excaecato
987 3447 1184 3527 imperatore
1206 3445 1273 3508 filio
1295 3457 1453 3527 regnaret.
1492 3447 1538 3511 Et
1553 3447 1632 3511 illud
1649 3459 1725 3513 tene
1740 3451 1890 3532 primum,

491 3562 580 3643 quod
607 3561 685 3623 boni
712 3558 791 3621 nihil
819 3579 863 3620 ex
890 3556 1036 3634 Graecia,
1060 3558 1118 3620 sed
1147 3557 1224 3619 mali
1252 3557 1429 3638 plurimum
1453 3568 1523 3621 erat
1552 3559 1680 3622 Romae
1707 3571 1739 3623 et
1767 3560 1891 3625 Italiae.

493 3670 647 3734 Ceterum
670 3680 703 3732 et
725 3670 883 3733 traditum
907 3678 965 3746 est,
981 3668 1190 3748 partitionem
1213 3669 1311 3731 istam
1335 3669 1461 3749 imperii
1482 3668 1706 3733 Occidentalis
1725 3681 1758 3734 et
1775 3671 1892 3736 Orien-

491 3781 567 3843 talis
582 3780 703 3844 iactam
727 3799 801 3841 cum
819 3778 914 3841 Irene
930 3779 1078 3859 potiente
1096 3778 1390 3859 Constantinopoli,
1408 3789 1441 3841 et
1464 3799 1539 3842 cum
1563 3779 1752 3862 Nicephoro
1776 3802 1892 3861 rursus,

492 3899 615 3952 etcum
640 3885 810 3966 Michaele,
826 3888 1014 3953 ‘Orientem
1034 3907 1108 3951 cum
1126 3887 1414 3969 Constantinopoli
1435 3888 1579 3952 Michael
1595 3911 1697 3973 usque
1714 3892 1891 3974 Neapolim

490 4004 547 4062 ‘et
575 3998 773 4079 Sipontum:
809 3997 1025 4063 Occidentem
1057 4017 1132 4062 cum
1161 3999 1270 4061 Roma
1298 3996 1436 4061 Carolus
1463 3999 1584 4064 habeto
1595 3999 1626 4064 ⁸.’
1681 4001 1756 4066 Hoc
1779 4012 1890 4066 autem

490 4108 600 4174 Caroli
620 4109 792 4190 imperium
808 4108 905 4171 luerit
921 4107 1001 4170 illud
1020 4108 1230 4170 Romanum:
1255 4109 1317 4170 etsi
1335 4107 1436 4172 Gothi
1453 4118 1486 4172 et
1507 4109 1719 4192 Longobardi
1737 4114 1794 4176 diu
1813 4124 1891 4178 ante

632 4305 640 4334 ¹
657 4305 673 4356 l.
688 4318 709 4354 1.
721 4304 751 4354 de
764 4311 841 4354 oonst.
854 4303 899 4366 (D.
915 4316 933 4351 r.
947 4305 986 4367 4);
1003 4304 1081 4368 Duar.
1094 4303 1167 4368 Disp.
1180 4304 1247 4353 Ann.
1394 4306 1404 4333 ¹
1422 4307 1484 4358 Dec.
1496 4323 1563 4359 cons.
1578 4323 1616 4373 ²5·
1630 4310 1672 4358 ubi
1685 4311 1749 4359 Mol.

796 4384 1586 4452 ⁸l.4o.deadq.po.(D.4r.2);l.33.deusuc.(D.41.3).

540 4469 549 4497 ⁴
566 4469 583 4518 l.
600 4481 636 4530 25.
649 4467 680 4517 de
691 4468 735 4517 lib.
748 4484 784 4517 ca.
796 4468 842 4532 (D.
854 4481 894 4530 40.
910 4469 965 4528 12);
983 4467 1000 4518 l.
1014 4480 1052 4529 15.
1062 4467 1094 4516 de
1106 4483 1185 4524 usuc.;
1204 4469 1276 4518 Alex.
1289 4469 1305 4519 l.
1318 4483 1341 4531 3.
1353 4470 1385 4520 de
1397 4471 1454 4536 adq.
1466 4487 1508 4536 po.
1574 4472 1583 4502 ⁵
1601 4471 1654 4523 Bal.
1668 4486 1690 4535 5.
1703 4490 1771 4524 cons.
1785 4490 1842 4539 405.

506 4553 516 4581 ⁶
534 4551 653 4602 Herodis.
665 4550 709 4599 lib.
721 4551 744 4599 8.
756 4567 777 4600 e.
789 4564 826 4615 19.
909 4547 920 4578 ¹
935 4549 988 4598 Bal.
1000 4548 1017 4599 l.
1030 4563 1053 4614 5.
1064 4549 1096 4599 de
1108 4551 1164 4599 iust.
1176 4551 1221 4614 (D.
1236 4564 1257 4600 1.
1272 4553 1306 4612 ι).
1390 4551 1400 4581 ⁸
1417 4552 1513 4602 Bonlin.
1528 4568 1549 4602 1.
1562 4555 1627 4618 Ung.
1641 4570 1667 4618 9;
1687 4555 1749 4620 Egn.
1764 4557 1808 4608 Ca.
1823 4558 1873 4608 Ma.
