4604 5562
780 708 840 763 DE
868 705 972 762 runs
1000 706 1134 777 naurs,
1162 707 1242 763 rra.
1264 707 1306 777 rr,
1337 708 1425 763 cnr.
1445 706 1489 763 rr.
1772 717 1832 782 133

438 973 502 1016 uon
519 951 612 1033 quasi
627 950 761 1014 bellum.
793 949 909 1034 Atque
924 951 988 1014 hoc
1003 959 1061 1028 est,
1077 951 1167 1032 quod
1183 950 1298 1016 secisse
1313 971 1349 1014 se
1364 971 1463 1034 saepe
1475 952 1587 1034 regina
1598 951 1742 1034 Angliae
1757 970 1833 1014 cum

440 1062 590 1144 Hispano
601 1083 677 1144 rege
689 1063 735 1126 ait
746 1061 921 1144 publicatis
933 1061 1063 1126 litteris:
1079 1062 1159 1126 dum
1173 1062 1286 1126 uicinis
1298 1061 1410 1144 Belgis
1421 1063 1491 1126 siue
1500 1064 1655 1145 pecunias
1664 1063 1734 1126 siue
1743 1081 1836 1126 anna

438 1175 582 1257 suggerit
604 1183 718 1239 contra
742 1174 960 1257 Hispanicam
975 1174 1062 1237 uim:
1086 1183 1123 1238 ut
1137 1173 1250 1238 lecerit
1265 1182 1299 1237 et
1314 1174 1484 1239 certiorem
1501 1174 1598 1237 simul
1613 1195 1726 1257 regern
1741 1172 1835 1236 illum

438 1287 479 1349 de
493 1286 581 1349 sacto
597 1285 703 1349 isthoc
718 1306 777 1349 suo
792 1294 873 1364 toto,
889 1295 922 1348 et
937 1283 1015 1348 facti
1031 1285 1162 1348 caussis.
1208 1284 1253 1349 Et
1269 1305 1347 1367 ergo
1362 1284 1443 1349 haec
1459 1285 1505 1349 ita
1521 1284 1600 1348 mihi
1616 1285 1777 1348 uidentur.

479 1395 548 1461 Sed
572 1397 599 1460 si
623 1395 748 1460 bellum
772 1417 839 1460 non
863 1396 1024 1475 indicitur,
1047 1417 1151 1479 quum
1176 1395 1276 1459 indici
1299 1406 1452 1478 oportet:
1484 1405 1556 1460 tum
1579 1395 1758 1479 proditorie
1781 1394 1836 1477 agi

437 1505 598 1572 dicitur¹:
625 1517 659 1571 et
681 1507 848 1585 iniustum,
871 1517 906 1572 et
927 1505 1133 1585 detestabile,
1156 1516 1190 1570 et
1212 1507 1450 1572 intemecinum
1473 1507 1595 1570 bellum
1619 1515 1689 1572 est:
1719 1506 1754 1570 id
1777 1514 1835 1585 est,

436 1620 525 1702 quod
545 1617 634 1682 nulla
651 1617 725 1702 lege
744 1617 832 1696 belli,
848 1620 906 1683 sed
930 1639 989 1701 pro
1012 1618 1148 1683 libidine
1170 1618 1311 1701 geritur:
1336 1627 1369 1682 et
1387 1619 1420 1682 in
1443 1640 1510 1701 quo
1531 1619 1643 1683 omnia
1665 1620 1735 1682 iura
1756 1617 1835 1682 belli

438 1731 554 1794 merito
591 1749 718 1793 cessare
755 1730 908 1794 uidentur
918 1728 939 1792 ².
980 1729 1078 1811 quale
1115 1748 1182 1792 non
1219 1728 1275 1792 diu
1313 1727 1431 1794 abhinc
1469 1740 1600 1811 gestum
1636 1749 1657 1794 a
1694 1728 1835 1793 Rhaetis

438 1861 512 1908 cum
536 1839 766 1906 Maximiliano
786 1841 984 1923 imperatore
1007 1849 1213 1904 memorant:
1244 1848 1278 1904 et
1299 1849 1398 1905 antea
1420 1861 1440 1905 a
1463 1841 1603 1906 Uenetis
1624 1861 1700 1906 cum
1724 1840 1835 1905 Genu-

438 1952 591 2018 ensibus:
630 1962 664 2018 et
695 1951 775 2015 olim
807 1973 827 2015 a
858 1952 1012 2016 Romano
1050 1951 1154 2015 milite
1191 1961 1305 2016 contra
1341 1952 1504 2031 Ausones,
1537 1973 1559 2016 a
1591 1951 1686 2035 Sylla
1722 1962 1837 2016 contra

439 2064 614 2142 Samnites,
635 2083 657 2128 a
678 2061 875 2129 Germanico
897 2063 1000 2128 semel
1023 2075 1135 2128 contra
1159 2062 1362 2128 Germanos:
1394 2073 1427 2128 et
1445 2064 1543 2146 quale
1564 2064 1625 2127 suit
1643 2065 1733 2146 quod
1755 2065 1835 2130 Car-

438 2176 658 2260 thaginienses
675 2193 805 2259 gessere
828 2184 942 2239 contra
959 2175 1210 2258 stipendiarios:
1234 2184 1269 2239 et
1287 2175 1384 2257 quale
1402 2195 1476 2238 cum
1499 2175 1660 2239 Romanis
1676 2175 1737 2238 sibi
1755 2195 1836 2255 esse,

438 2286 584 2354 Annibal
607 2285 793 2369 denegabat
802 2285 824 2351 ³.
869 2286 1059 2368 Imperium,
1076 2285 1214 2368 gloriam
1237 2286 1373 2369 petebat
1393 2285 1550 2363 Annibal,
1572 2307 1638 2350 non
1660 2285 1837 2351 salutem⁴.

442 2399 516 2464 Hoc
540 2407 591 2463 est
616 2398 863 2477 internecinum,
886 2397 1036 2482 capitale,
1058 2398 1246 2476 exitiosum,
1271 2397 1404 2480 inquo,
1430 2418 1496 2461 non
1521 2399 1585 2462 utri
1610 2398 1753 2476 uincant,
1776 2399 1836 2462 sed

440 2510 502 2574 utri
528 2511 604 2584 sint,
628 2509 736 2592 agitur
745 2509 767 2573 ὅ.
822 2508 878 2574 Sic
908 2530 983 2575 cum
1015 2509 1196 2589 Celtiberis,
1220 2529 1296 2574 cum
1323 2509 1466 2574 Cimbris
1491 2508 1625 2573 bellum.
1680 2509 1757 2574 Hoc
1787 2519 1838 2573 est

440 2621 561 2686 bellum
585 2621 831 2700 internecinum,
850 2621 942 2704 quod
965 2620 1136 2686 Israelitae
1155 2641 1268 2704 gerere
1291 2629 1406 2684 contra
1428 2619 1623 2685 Cananaeos
1649 2620 1836 2686 habebant:

395 2801 404 2816 ,
441 2742 477 2797 ut
494 2734 540 2797 sic
559 2733 638 2796 dicit
657 2733 721 2796 illis
737 2734 781 2797 de
798 2731 849 2796 his
869 2733 970 2808 Deus,
990 2731 1157 2797 ‘Omnino
1175 2732 1388 2796 internecioni
1404 2733 1568 2797 deuouete
1586 2753 1652 2797 eos.
1683 2753 1726 2796 ne
1740 2733 1838 2797 sinite

441 2845 573 2908 ‘uiuere
597 2843 700 2906 ullam
726 2864 796 2907 rem
808 2842 840 2906 ⁰!
895 2843 963 2909 Sed
987 2842 1050 2908 hoc
1074 2852 1187 2908 tamen
1213 2844 1346 2922 iustum,
1369 2843 1460 2925 quod
1486 2843 1580 2908 iussit
1606 2844 1708 2908 Deus.
1763 2844 1838 2909 Imo

441 2955 482 3020 ad
506 2956 569 3020 ista
593 2955 698 3038 prima
722 2953 869 3018 solennia
893 2953 973 3018 mihi
997 2963 1101 3033 notes,
1123 2954 1405 3037 quemadmodum
1430 2975 1491 3018 nec
1514 2963 1592 3018 sunt
1615 2955 1737 3018 omissa
1760 2976 1837 3018 cum

441 3067 592 3149 gentibus
613 3065 676 3130 illis
695 3066 974 3130 exterminandis:
1005 3075 1041 3129 ut
1064 3066 1205 3130 indicaui
1228 3066 1262 3129 in
1284 3085 1434 3128 sermone
1457 3066 1499 3130 de
1522 3067 1645 3129 caussis
1666 3066 1838 3132 bellorum.

441 3176 586 3242 Tantum
609 3178 703 3242 abest
725 3187 762 3242 ut
784 3177 916 3242 delendi
939 3177 1047 3240 ualeat
1070 3177 1222 3259 Pyrrhus,
1241 3177 1296 3259 qui
1320 3177 1592 3242 Lacedaemoniis
1614 3178 1838 3242 incusantibus

442 3287 565 3371 legatis,
590 3290 679 3371 quod
710 3309 776 3353 non
807 3288 930 3353 indicto
960 3288 1049 3371 prius
1078 3286 1166 3351 bello
1195 3308 1251 3351 eos
1281 3287 1424 3370 Pyrrhus
1454 3287 1634 3366 inuasisset,
1661 3290 1839 3371 respondit,

443 3419 546 3482 neque
558 3399 840 3464 Lacedaemonios
851 3399 1083 3482 praenunciare
1097 3397 1212 3462 solitos
1223 3398 1303 3476 aliis,
1314 3400 1405 3481 quod
1420 3398 1536 3462 facturi
1552 3399 1693 3464 essenrt.
1722 3400 1839 3482 Iniqua

443 3512 628 3593 responsio:
655 3511 716 3574 nisi
735 3511 797 3575 hac
815 3511 885 3594 ipsa
902 3511 936 3572 in
955 3531 989 3574 re
1012 3519 1126 3574 contra
1146 3510 1253 3592 ipsum
1274 3508 1436 3590 Pyrrhum
1458 3519 1652 3591 peccassent
1671 3510 1839 3575 Lacedae-

444 3622 551 3686 monii.
612 3621 678 3704 Qui
703 3622 791 3684 enim
816 3642 882 3685 non
909 3623 978 3686 iure
1000 3623 1078 3704 agit,
1106 3621 1177 3704 ipse
1203 3639 1264 3684 nec
1288 3621 1442 3702 conqueri
1466 3621 1576 3700 debet,
1602 3621 1699 3686 sisic
1724 3643 1837 3687 secum

444 3731 580 3815 agitur⁸.
625 3732 763 3816 ‘Neque
785 3733 873 3797 enim
892 3732 948 3797 lex
967 3733 1082 3796 iu‘stior
1099 3730 1167 3795 ulla
1184 3739 1243 3808 est,
1261 3750 1362 3813 quam
1381 3731 1469 3794 necis
1486 3731 1626 3796 artifices
1643 3741 1714 3798 arte
1732 3737 1839 3817 perire

446 3849 524 3908 ‘sua
533 3841 563 3909 ⁰.’
610 3843 705 3908 Haec
723 3865 854 3908 summa
870 3844 1029 3927 aequitas,
1045 3853 1079 3908 et
1094 3844 1163 3908 sine
1182 3843 1373 3925 cuiusquam
1391 3843 1618 3924 indignatione
1633 3846 1738 3911 iusta:
1764 3848 1839 3930 quis

445 3955 529 4018 enim
551 3955 788 4038 aspernabitur,
810 3956 899 4019 idem
922 3955 991 4020 fieri
1014 3955 1075 4019 sibi
1098 3957 1188 4038 quod
1211 3955 1283 4018 aliis
1306 3955 1376 4038 ipse
1399 3955 1506 4019 effecit
1515 3953 1562 4018 ¹⁰?
1608 3955 1653 4020 Et
1676 3967 1788 4022 tamen
1811 3960 1838 4023 si

445 4085 508 4130 non
533 4066 661 4150 Pyrrho
690 4067 737 4130 sic
761 4066 875 4146 iecere,
901 4068 1019 4131 liberas
1047 4069 1091 4132 ad
1121 4088 1197 4131 eum
1223 4067 1322 4131 aedes
1351 4066 1534 4132 habuerint.
1588 4066 1840 4134 ADUERSARIO

701 4339 711 4371 ¹
727 4341 806 4407 ceph.
819 4357 886 4392 cons.
900 4352 939 4406 57.
1158 4341 1169 4372 ¹
1185 4340 1242 4392 Alc.
1254 4342 1277 4392 8.
1289 4342 1358 4393 Pare.
1373 4344 1417 4400 183
1435 4343 1501 4392 Plut.
1514 4344 1577 4393 Peri.

507 4425 586 4475 'Ale
596 4441 636 4476 eo.
648 4424 781 4489 Paehy.9;
798 4423 853 4473 Lin.
865 4439 889 4488 9.
902 4439 932 4472 aa
941 4441 949 4485 ;
965 4425 1025 4475 Tac.
1039 4440 1062 4476 a.
1074 4426 1155 4482 Ann.;
1174 4423 1263 4488 Polyb.
1276 4437 1298 4475 1.
1366 4425 1773 4477 ‘Cic.lael.8et1.de0ff.ra.

603 4507 614 4536 ⁸
630 4507 727 4558 Manui.
740 4507 803 4556 Phil.
815 4505 860 4556 ult.
985 4505 996 4536 ⁸
1013 4507 1088 4559 Deut.
1102 4522 1140 4557 ao.
1264 4505 1275 4535 ²
1293 4507 1356 4558 Plut.
1369 4509 1453 4572 Pyrr.;
1469 4509 1585 4572 Polyaen.
1596 4509 1639 4559 lib.
1652 4510 1676 4559 6.

555 4587 632 4640 'Ale
647 4605 668 4652 5.
681 4605 747 4639 cons.
763 4604 816 4652 13²·
883 4589 984 4640 'Ouid
998 4603 1019 4639 1.
1033 4591 1077 4640 Ar.
1090 4588 1245 4652 Am.1.⁶56.
1312 4589 1675 4655 ¹⁰1‚1.qu0dqui.iu(1).2.
1690 4595 1724 4654 a).
