4604 5562
715 730 776 784 DE
804 731 906 785 IURE
934 731 1067 800 BELLI,
1097 732 1223 801 LIB.I,
1255 733 1341 787 CAP.
1365 733 1446 788 XIV.
1737 737 1777 807 57

390 975 537 1058 superior.
595 977 689 1042 Haec
712 977 824 1061 itaque
844 974 1022 1060 fugiuntur.
1075 977 1121 1041 Et
1143 977 1256 1060 itaque
1278 987 1367 1042 recta
1391 979 1471 1042 mihi
1495 978 1630 1044 Romuli
1652 980 1781 1044 dicetur

388 1107 489 1165 causa,
518 1088 575 1171 qui
604 1089 762 1153 aduersus
791 1089 979 1171 ingruentes
1011 1087 1152 1153 Sabinos
1178 1088 1266 1152 bello
1292 1110 1330 1152 se
1359 1089 1517 1154 defendit.
1556 1091 1616 1154 etsi
1647 1109 1780 1173 quoque

388 1199 511 1262 dederit
533 1201 605 1282 ipse
627 1219 778 1265 caussam
799 1199 896 1279 bello,
919 1208 953 1262 et
975 1199 1155 1278 offensioni,
1173 1201 1254 1264 dum
1280 1199 1431 1264 mulieres
1454 1202 1525 1264 sine
1548 1221 1639 1264 more
1661 1201 1779 1283 rapuit.

388 1308 459 1392 Qua
473 1311 517 1373 de
534 1331 569 1374 re
584 1318 617 1374 et
632 1309 767 1394 disputo
783 1309 849 1374 late
869 1311 902 1373 in
918 1310 1064 1374 secundo
1080 1309 1163 1373 libro
1177 1311 1221 1374 de
1235 1312 1336 1375 armis
1353 1311 1523 1375 Romanis.
1569 1311 1652 1375 ‘Uis
1667 1331 1780 1375 neces-

388 1421 511 1486 ‘sitatis
543 1431 638 1486 tanta
667 1431 725 1495 est,
761 1422 985 1503 prementibus
1002 1422 1126 1504 armis,
1157 1429 1194 1484 ut
1224 1443 1307 1504 quae
1338 1422 1457 1486 iniusta
1487 1430 1571 1498 sunt,
1602 1422 1781 1486 iustissima

388 1530 599 1608 ‘uideantur‚'
632 1533 718 1597 bene
748 1531 927 1597 Bodinus1.
987 1532 1134 1596 ‘lustum
1163 1532 1296 1610 bellum,
1323 1533 1443 1615 quibus
1473 1533 1711 1596 necessarium:
1746 1542 1781 1596 et

388 1645 459 1725 ‘pia
481 1665 582 1720 arma,
600 1644 719 1727 quibus
741 1643 832 1707 nulla
854 1643 916 1707 nisi
939 1643 1093 1707 inarmis
1116 1642 1310 1726 relinquitur
1331 1663 1407 1726 spes
1415 1642 1448 1706 ²!
1491 1642 1550 1706 Ab
1572 1643 1663 1707 omni
1687 1643 1780 1707 uide-

387 1755 459 1821 licet
476 1757 549 1838 lege
568 1754 744 1820 necessitas
768 1764 918 1818 extrema
938 1762 1071 1818 exemto
1094 1764 1144 1818 est
1155 1753 1179 1817 ⁸.
1224 1755 1271 1818 Et
1289 1765 1402 1818 tamen
1419 1754 1462 1818 ad
1478 1753 1576 1818 istam
1592 1763 1778 1818 extremam

387 1868 611 1931 necessitatem
633 1885 700 1929 non
721 1885 804 1948 cogo
826 1874 1033 1948 praesentem
1052 1865 1287 1930 definitionem.
1325 1874 1382 1930 aut
1406 1873 1592 1929 extremam
1610 1863 1704 1947 capio
1728 1859 1781 1948 (ut

385 1975 467 2062 dixi)
482 1997 542 2060 pro
565 1977 757 2042 condicione
780 1996 888 2040 rerum
909 1975 1090 2040 hominum.
1134 1975 1219 2040 Esto
1239 1975 1327 2039 enim
1350 1995 1412 2040 nec
1431 1976 1474 2040 sit
1494 1974 1679 2053 necessitas,
1694 1995 1779 2058 quae

387 2107 449 2152 non
474 2088 653 2152 necessitas
678 2107 749 2152 esse
775 2096 896 2170 potest.
929 2087 1074 2168 potuerit
1099 2085 1224 2150 bellum
1247 2086 1353 2150 uitare
1376 2086 1549 2160 Romulus,
1573 2095 1683 2168 raptas
1706 2084 1779 2148 red·

387 2199 502 2263 dend0.
537 2209 574 2263 at
603 2207 715 2263 tamen
743 2198 919 2262 defendere
948 2216 984 2260 se
1014 2195 1113 2260 etiam
1144 2197 1252 2279 potuit
1281 2197 1439 2259 aduersus
1468 2196 1580 2260 hostes
1611 2215 1692 2259 mox
1722 2195 1780 2258 ad·

388 2307 588 2373 uentantes⁴.
632 2309 710 2373 Non
726 2307 805 2371 mihi
829 2317 990 2372 moreest
1010 2307 1339 2372 inistadefinitione.
1385 2307 1474 2370 Nam
1491 2305 1547 2370 illa
1563 2315 1614 2370 est
1629 2306 1779 2388 quaestio

386 2429 535 2501 spectans
564 2419 607 2483 ad
638 2419 735 2498 ciues,
761 2419 797 2498 si,
822 2419 878 2502 qui
908 2418 1030 2482 offendi
1057 2418 1213 2482 bannitus
1241 2417 1376 2501 impune
1398 2425 1517 2500 potest,
1546 2418 1573 2481 is
1603 2415 1779 2480 defendere

388 2551 420 2594 se
437 2531 539 2614 possit
554 2540 665 2594 tamen
676 2531 698 2595 ⁵.

964 2794 1054 2869 Cau.
1085 2753 1212 2888 XIV..
1253 2895 1258 2902 .

880 2978 939 3050 De
962 2975 1054 3050 utili
1076 2976 1282 3074 desenszbne.

429 3173 577 3239 UTILEM
596 3169 671 3234 dico
689 3165 922 3241 defensionem,
941 3183 1043 3246 quum
1063 3182 1235 3227 monemus
1254 3183 1315 3226 nos
1332 3162 1465 3243 bellum,
1480 3174 1643 3242 uerentes,
1660 3187 1700 3229 ne
1717 3163 1780 3249 ipsi

386 3282 469 3348 bello
491 3293 653 3366 petamur.
694 3279 772 3343 Non
796 3275 929 3341 celerius
948 3275 1122 3358 quisquam
1145 3274 1349 3356 opprimitur,
1367 3295 1468 3357 quam
1492 3277 1548 3358 qui
1572 3277 1653 3340 nihil
1675 3277 1780 3340 timet.

386 3404 418 3458 et
431 3391 729 3480 frequentissimum
744 3397 794 3453 est
808 3387 938 3452 initium
954 3385 1151 3450 calamitatis
1163 3385 1320 3448 securitas
1330 3386 1353 3448 ⁶.
1378 3385 1455 3450 Hoc
1469 3387 1623 3468 primum.
1647 3386 1780 3450 Deinde

387 3516 559 3590 expectare
589 3523 656 3568 non
685 3501 845 3565 debemus
875 3505 1083 3582 praesentem
1113 3497 1193 3571 uim,
1222 3495 1250 3559 si
1281 3495 1409 3560 suturae
1437 3497 1637 3560 occurrimus
1666 3498 1780 3562 tutius.

386 3617 514 3681 ‘Maior
536 3635 620 3698 spes,
645 3611 813 3694 maiorque
837 3609 966 3674 animus
993 3605 1161 3670 inferentis
1185 3605 1264 3681 uim,
1288 3626 1389 3689 quam
1410 3606 1569 3671 arcentis!
1604 3616 1637 3671 et
1660 3628 1779 3687 rursus,

386 3727 482 3792 ‘Plus
496 3727 597 3791 animi
615 3722 766 3788 inferenti
781 3719 970 3804 periculum,
986 3738 1088 3801 quam
1103 3717 1308 3800 propulsanti
1320 3713 1344 3781 :⁷
1363 3716 1478 3780 Liuius
1486 3717 1509 3782 ⁷.
1544 3717 1591 3783 Et
1607 3719 1780 3801 Uegetius,

386 3838 443 3903 ‘Si
465 3836 567 3902 semel
588 3835 693 3900 hostis
715 3831 929 3916 praeuenerit,
957 3839 1047 3894 metu
1070 3829 1222 3922 uniuersa
1245 3827 1418 3892 turbantur
1426 3823 1459 3893 ⁸.'
1504 3827 1649 3909 Oportet
1672 3829 1780 3913 igitur,

385 3945 484 4034 (quod
516 3945 733 4031 Nicephorus,
764 3965 831 4008 non
861 3941 1122 4007 contemnendae
1152 3937 1357 4003 auctoritatis
1389 3938 1577 4026 historicus)
1603 3941 1664 4024 ⁴qui
1699 3943 1779 4007 citra

384 4059 563 4140 periculum
581 4057 682 4122 uelint
701 4056 819 4134 uiuere,
835 4075 891 4118 eos
911 4072 1078 4118 occurrere
1096 4050 1362 4134 impendentibus
1385 4050 1488 4130 malis,
1507 4060 1541 4115 et
1560 4060 1777 4118 anteuertere.

385 4191 442 4236 nec
457 4191 528 4236 esse
544 4168 776 4243 cunctandum,
792 4175 850 4230 aut
866 4165 1122 4248 expectandum,
1137 4174 1174 4227 ut
1189 4171 1361 4245 acceptam
1376 4161 1526 4226 iniuriam
1542 4183 1618 4228 cum
1634 4163 1778 4248 periculo

384 4279 553 4360 ulciscaris,
571 4281 599 4344 si
621 4281 655 4344 in
677 4277 863 4363 praesentia
885 4274 1058 4340 crescentis
1080 4273 1214 4356 plantae
1236 4274 1380 4338 radicem
1402 4274 1590 4354 praecidere
1612 4274 1725 4358 possis,
1744 4284 1778 4338 et

385 4477 657 4544 ¹Bod.5.deRep.5.
729 4474 970 4539 ’Liu.lib.9.c.1.
1036 4471 1435 4535 ⁸c.23.deU.S.(D.5o.16).
1507 4470 1777 4523 ¹Tert.deCast.11.

391 4583 394 4593 ·
447 4556 868 4620 'Casn.l.1.deiust.(D.1.1).
907 4551 1071 4603 ‘Putenlib
1085 4567 1141 4604 ac.
1156 4555 1211 4603 118.
1251 4553 1388 4604 'Liu.lib.
1402 4552 1714 4615 21.a4411b.28.c.44.

974 4635 985 4664 ⁸
1001 4635 1088 4700 Veget
1101 4635 1145 4685 lib.
1159 4649 1181 4698 3.

1070 4819 1083 4866 1
