4604 5562
499 701 559 746 120
981 692 1184 746 ALBERICI
1213 691 1413 746 GENTILJS

493 930 589 994 ‘uult
611 931 673 996 hoc
700 932 888 1010 multitudo,
910 931 1034 1014 patitur
1059 933 1272 1011 consuetudo,
1295 931 1358 995 fert
1385 931 1485 994 etiam
1508 930 1698 994 humanitas
1709 929 1737 996 ¹.’
1783 932 1895 996 Etiam

493 1043 528 1106 in
558 1043 648 1107 libris
678 1043 850 1107 feudorum
881 1044 927 1107 ita
958 1043 1174 1108 constitutum
1205 1052 1264 1120 est,
1290 1052 1326 1106 ut
1353 1041 1497 1106 uasallus
1524 1044 1660 1106 domino
1690 1043 1896 1126 belligeranti

495 1173 594 1236 opem
623 1153 715 1232 ferat,
742 1154 795 1218 uel
826 1155 853 1218 si
880 1155 1010 1220 dubitet
1039 1157 1082 1218 de
1111 1155 1236 1218 iustitia
1265 1155 1401 1218 domini.
1435 1156 1523 1236 quod
1553 1155 1580 1217 si
1608 1165 1641 1218 et
1668 1156 1711 1219 de
1738 1156 1897 1221 iniustitia

494 1267 585 1346 sciat,
611 1267 654 1330 ad
682 1266 906 1330 defensionem
933 1276 1063 1330 tantum
1090 1267 1202 1330 iuuare
1229 1276 1300 1331 tum
1326 1265 1509 1330 teneatur2.
1565 1265 1611 1330 Et
1640 1267 1688 1330 ita
1714 1269 1814 1332 etiam
1841 1269 1896 1331 alii

494 1378 697 1460 interpretes
723 1387 757 1442 et
789 1378 910 1442 Baldus
940 1387 1146 1442 asseruerunt
1156 1377 1177 1442 ³.
1235 1377 1280 1441 Et
1306 1379 1352 1441 ita
1378 1377 1598 1460 Augustinus,
1626 1378 1709 1443 ‘Uir
1739 1380 1843 1444 iustus
1869 1381 1897 1443 si

494 1489 603 1553 ‘forte
625 1490 686 1553 sub
710 1511 794 1572 rege,
816 1489 950 1553 homine
973 1491 1074 1552 etiarn
1097 1489 1263 1572 sacrileg0,
1288 1489 1416 1568 militet,
1438 1499 1526 1553 recte
1550 1499 1661 1572 potest
1684 1489 1740 1553 illo
1763 1491 1898 1556 iubente

496 1601 644 1664 ‘bellare
673 1601 700 1664 si
731 1601 821 1683 quod
848 1601 909 1664 sibi
936 1601 1067 1664 iubetur
1093 1621 1159 1665 non
1187 1621 1258 1664 esse
1288 1611 1402 1665 contra
1429 1602 1493 1664 Dei
1523 1611 1737 1684 praeceptum
1768 1611 1895 1666 certum

405 1745 421 1791 ο,
494 1715 578 1787 ‘est‚
600 1713 661 1790 uel,
684 1722 793 1777 utrum
820 1713 863 1776 sit
895 1722 1020 1777 certum
1047 1733 1113 1777 non
1140 1723 1212 1777 est:
1244 1713 1290 1776 ita
1317 1723 1354 1776 ut
1379 1712 1518 1776 sortasse
1544 1732 1637 1775 reum
1660 1713 1758 1777 faciat
1784 1734 1896 1797 regem

495 1825 673 1906 ‘iniquitas
691 1823 883 1906 imperandi,
899 1825 1106 1889 innocentem
1126 1835 1238 1888 autem
1257 1825 1397 1888 militem
1417 1825 1572 1888 ostendat
1590 1825 1672 1889 ordo
1690 1826 1852 1889 seruiendi
1863 1822 1896 1890 ⁴.’

495 1935 591 2018 Quae
621 1934 732 2013 relata,
762 1935 902 2017 probata
932 1935 1058 2018 iurique
1087 1937 1254 2015 canonico,
1282 1945 1316 2000 et
1343 1936 1575 2017 interpretibus
1602 1937 1685 2000 iuris.
1741 1936 1819 2000 Non
1846 1946 1896 2001 est

494 2047 709 2124 subditorum,
724 2048 945 2129 scrupulosius
964 2047 1135 2129 inquirere,
1150 2047 1224 2130 quis
1242 2049 1357 2111 iustius
1376 2047 1492 2112 induat
1510 2048 1635 2111 arma⁶.
1681 2047 1728 2111 Et
1748 2048 1896 2131 plerique

495 2159 540 2224 sic
559 2159 711 2240 ignorant
729 2159 859 2237 milites,
877 2179 920 2222 an
938 2158 1025 2223 bella
1043 2160 1129 2224 iusta
1147 2160 1245 2223 sint⁶.
1291 2159 1425 2225 Subditi
1444 2170 1652 2237 excusantur,
1671 2180 1737 2224 non
1759 2160 1823 2238 alii,
1839 2161 1895 2243 qui

497 2271 639 2334 militent
665 2271 805 2335 iniustae
835 2291 979 2335 caussae.
1035 2269 1167 2335 Subditi
1198 2281 1399 2335 excusantur
1424 2271 1506 2335 citra
1539 2271 1785 2335 distinctionem
1815 2272 1895 2335 belli

495 2382 653 2460 offensiui,
672 2381 864 2446 defensiuil.
909 2382 955 2446 Et
978 2381 1102 2446 Baldus
1124 2383 1170 2446 sic
1193 2403 1324 2466 quoque
1347 2385 1389 2446 de
1409 2383 1557 2462 subditis,
1573 2384 1663 2465 quod
1686 2384 1748 2446 etsi
1770 2383 1896 2446 bellum

495 2515 561 2558 non
579 2495 622 2559 sit
641 2496 762 2558 iustum
781 2495 814 2556 in
832 2495 949 2576 capite,
964 2503 1076 2558 tamen
1095 2495 1271 2558 necessitas
1289 2494 1368 2559 facit
1386 2495 1507 2559 iustum
1526 2495 1560 2557 in
1578 2495 1717 2559 subditis
1726 2493 1748 2559 ⁸.
1794 2494 1896 2577 Quod

495 2617 607 2670 tamen
632 2614 728 2669 extra
750 2605 856 2668 forum
879 2605 959 2669 dicit
986 2605 1224 2669 conscientiae:
1256 2606 1310 2668 ubi
1337 2606 1487 2669 subditus
1513 2626 1578 2670 non
1604 2608 1650 2670 sic
1676 2616 1769 2670 tutus
1795 2607 1845 2684 sit,
1867 2605 1894 2668 si

494 2718 597 2782 habet
622 2697 855 2781 conscientiam
883 2716 1015 2781 laesam.
1061 2717 1151 2781 Sane
1175 2717 1248 2780 Indi
1272 2737 1339 2780 non
1361 2717 1543 2781 militarunt
1565 2719 1641 2799 regi,
1662 2719 1780 2782 iniuste
1802 2717 1895 2781 belli-

495 2830 654 2912 gerantil.
711 2828 756 2891 Et
783 2828 934 2892 subditus
957 2848 1022 2891 non
1050 2828 1134 2892 iuste
1156 2828 1309 2892 interficit
1332 2829 1541 2893 innocentem
1566 2851 1610 2892 ex
1633 2829 1791 2892 mandato
1807 2829 1895 2911 prin·

492 2943 573 3024 cipis
583 2941 616 3002 ¹⁰.
663 2939 731 3005 Sed
748 2939 790 3002 de
805 2940 945 3003 subditis
960 2925 1077 3017 mitto}
1104 2960 1170 3003 non
1188 2949 1300 3004 tamen
1320 2941 1400 3005 illud
1416 2943 1505 3024 quod
1525 2951 1576 3004 est
1591 2941 1635 3004 ad
1654 2941 1891 3023 quaestionem,

493 3053 583 3118 bello
602 3074 638 3116 se
661 3051 822 3115 uasallum
840 3072 939 3133 posse
960 3051 1137 3115 defendere
1159 3053 1316 3116 aduersus
1335 3053 1529 3117 iniustitiam
1547 3053 1693 3116 domini:
1716 3061 1751 3116 at
1768 3050 1894 3115 bellum

494 3167 653 3230 aduersus
677 3165 819 3227 eundem
848 3183 1043 3245 promouere
1067 3183 1133 3227 non
1160 3184 1256 3246 posse
1266 3163 1299 3226 ¹¹.
1346 3165 1391 3228 Et
1415 3165 1518 3228 filium
1546 3164 1723 3228 defendere
1752 3164 1893 3246 patriam

495 3287 609 3344 contra
643 3277 794 3359 patrem:
834 3273 922 3338 hunc
953 3295 1013 3339 nec
1044 3274 1175 3339 hostem
1212 3276 1380 3340 offendere
1391 3275 1424 3339 ¹².
1486 3275 1644 3340 Defensio
1682 3295 1820 3358 semper,
1861 3284 1894 3339 et

494 3391 616 3472 ubique
647 3388 753 3451 multo
784 3396 834 3450 est
862 3385 1079 3451 fauorabilior.
1116 3408 1194 3451 nam
1226 3388 1303 3450 iuris
1337 3397 1473 3451 naturae
1505 3397 1565 3451 est.
1622 3387 1775 3450 Priuatus
1803 3406 1894 3450 arma

494 3513 526 3567 et
553 3510 698 3565 armatos
725 3499 771 3563 sic
801 3499 910 3580 cogit;
950 3499 1051 3563 etiam
1078 3501 1121 3563 ad
1149 3501 1408 3582 recuperandum
1436 3519 1480 3562 ex
1508 3499 1682 3562 interuallo
1705 3519 1791 3580 quae
1817 3505 1894 3561 sunt

493 3616 637 3692 arnissa;
672 3611 698 3675 si
724 3611 803 3674 iuris
827 3609 949 3693 publici
974 3609 1079 3674 tutela
1105 3631 1171 3674 non
1198 3612 1326 3689 sufficit,
1349 3621 1407 3676 aut
1433 3631 1505 3674 sera
1530 3609 1616 3674 sit¹³.
1662 3609 1830 3696 Uidelicet
1860 3618 1894 3672 et

493 3727 678 3791 concedunt
701 3724 806 3787 multa
828 3733 963 3804 propter
985 3722 1166 3805 periculum
1190 3743 1310 3801 morae,
1328 3744 1414 3807 quae
1435 3722 1517 3786 alias
1540 3743 1606 3787 non
1625 3723 1893 3787 concederentur.

495 3836 684 3901 Defendere
706 3855 742 3898 se
764 3842 876 3917 potest
900 3833 993 3896 miles
1016 3853 1138 3915 gnarus
1162 3835 1340 3899 iniustitiae
1364 3855 1497 3897 suarum
1522 3835 1686 3917 partium3
1718 3833 1797 3916 quia
1827 3852 1892 3896 non

493 3949 621 4029 cogitur
649 3945 750 4010 talem
776 3945 846 4028 pati
880 3954 1041 4008 mortem:
1076 3946 1134 4009 sed
1168 3946 1238 4027 ipse
1265 3967 1439 4029 aggressor
1468 3966 1540 4010 esse
1569 3966 1636 4010 non
1664 3947 1765 4011 debet
1774 3943 1809 4010 ¹⁴.
1856 3944 1892 4010 Si

668 4169 676 4198 ¹
693 4170 746 4221 Cic.
760 4184 781 4220 a.
793 4171 824 4219 de
836 4169 885 4220 Off.
897 4183 935 4232 14.
1295 4170 1305 4199 ²
1322 4171 1398 4220 Feud.
1411 4187 1435 4234 4.
1447 4171 1484 4222 tit.
1498 4180 1537 4233 η.
1548 4187 1585 4222 ex.
1598 4171 1684 4223 Cuiac.

739 4251 821 4302 ’Alc
833 4251 877 4315 l.5
897 4252 929 4301 de
940 4252 997 4302 lust.
1010 4252 1054 4316 (D.
1069 4266 1090 4301 1.
1105 4253 1129 4314 1)
1141 4259 1166 4302 et
1180 4267 1202 4301 a.
1213 4254 1284 4303 Para.
1298 4268 1342 4310 21;
1361 4253 1415 4302 Bal.
1428 4253 1469 4318 qui
1481 4269 1532 4303 mo.
1544 4270 1578 4305 se.
1590 4270 1640 4304 am.

541 4335 974 4401 ⁴04.24.q.1;Rom.cons.19.
1051 4335 1133 4384 *Ale
1146 4349 1169 4398 5.
1181 4351 1247 4387 cons.
1263 4336 1419 4401 132;Ceph.
1434 4347 1472 4400 75.
1533 4337 1852 4401 ‘Cas.r.deSi.Ce.14.

590 4417 699 4468 ⁷Castr¹
710 4416 727 4468 l.
740 4431 763 4481 5.
774 4417 806 4466 de
817 4416 873 4468 iust.
980 4417 1060 4466 'Bal
1074 4431 1175 4467 mcons.
1188 4419 1244 4482 385.
1343 4418 1453 4470 ’Suida
1550 4417 1569 4450 ²⁰
1586 4419 1651 4469 Vict.
1665 4433 1687 4482 5.
1700 4419 1793 4470 Relect.

654 4499 671 4528 ¹¹
689 4501 744 4550 Bal.
756 4513 778 4562 3.
790 4515 856 4549 cous.
870 4513 931 4562 313;
948 4499 1004 4550 Alc.
1018 4515 1041 4563 5.
1055 4513 1109 4563 13¹·
1257 4499 1276 4528 ¹¹
1292 4501 1359 4566 Aug.
1371 4501 1387 4552 l.
1401 4502 1431 4564 38
1445 4502 1475 4552 de
1487 4503 1566 4552 adult.
1579 4501 1624 4566 (D.
1638 4503 1678 4565 48,
1693 4505 1728 4565 5).

630 4582 649 4612 ¹³
665 4582 745 4634 Castr.
758 4582 775 4632 1,
787 4596 810 4646 5.
820 4582 852 4633 de
863 4582 935 4644 iust.;
952 4582 1008 4632 Alc.
1019 4581 1044 4632 d.
1058 4596 1112 4646 132.
1369 4581 1388 4610 ¹⁴
1403 4583 1456 4634 Sot.
1469 4599 1492 4648 5.
1504 4584 1536 4634 de
1548 4583 1645 4656 Iustffq.
1657 4599 1713 4634 rra.
1728 4595 1749 4648 7.
