4456 5566
494 717 513 780 8
978 728 1180 783 ALBERICI
1208 727 1409 783 GENTILIS

494 973 644 1055 gentium
661 973 883 1038 commercia¹.
930 974 975 1039 Et
994 975 1040 1039 sic
1056 974 1168 1058 itaque
1184 983 1299 1038 notum
1316 975 1359 1038 de
1374 974 1506 1058 populis
1521 975 1675 1039 omnibus
1691 995 1762 1040 esse
1777 976 1894 1058 potuit.

496 1093 530 1148 et
552 1085 598 1148 sic
623 1086 734 1168 itaque
757 1086 883 1150 definiri
907 1087 957 1150 ius
982 1088 1139 1169 gentium,
1165 1097 1198 1151 et
1220 1087 1266 1150 sic
1288 1087 1353 1151 alia
1376 1086 1481 1150 multa
1503 1088 1679 1152 adfirmari.
1725 1087 1771 1152 Et
1796 1085 1896 1152 Caius

495 1195 605 1260 dicere
632 1197 658 1261 Ι.
686 1196 725 1261 C.
755 1198 993 1262 ‘Dominorum
1018 1208 1166 1281 potestas
1193 1199 1270 1263 iuris
1296 1199 1445 1282 gentium
1471 1208 1531 1263 est.
1563 1220 1639 1263 nam
1667 1201 1757 1282 apud
1781 1219 1897 1264 omnes

495 1314 505 1344 ‘
520 1329 685 1391 peraeque
696 1319 812 1393 gentes
823 1311 1086 1378 animaduertere
1097 1333 1281 1395 possumus,
1294 1313 1438 1377 dominis
1453 1313 1485 1376 in
1502 1333 1613 1376 seruos
1628 1314 1725 1392 vitae,
1741 1315 1897 1396 necisque

496 1429 721 1504 ‘potestatem
742 1422 885 1488 fuisse².’
918 1433 952 1489 et
977 1424 1083 1501 Plato,
1114 1425 1243 1488 ‘Huius
1273 1434 1361 1490 certe
1390 1424 1472 1490 haec
1498 1425 1650 1508 probatio
1676 1425 1781 1504 fuerit,
1808 1427 1897 1508 quod

497 1541 619 1599 ‘nemo
637 1534 732 1600 aliter
751 1534 921 1619 loquatur:
948 1538 1007 1602 sed
1027 1546 1175 1602 nostrum
1199 1538 1423 1620 unusquisque
1437 1559 1458 1601 a
1473 1537 1580 1620 primo
1602 1546 1676 1602 ortu
1695 1538 1743 1601 ita
1759 1557 1901 1620 semper,

497 1653 555 1712 ‘et
573 1647 695 1729 ubique
717 1648 760 1712 de
782 1646 833 1711 his
855 1647 1007 1714 homines
1029 1648 1202 1732 loquentes
1219 1645 1482 1714 audiuenmus³.’
1528 1649 1575 1714 Et
1590 1649 1623 1712 id
1639 1668 1742 1732 genus
1758 1649 1898 1732 plurima

495 1759 560 1823 alii.
595 1760 775 1824 Potuerunt
792 1761 895 1824 nostri
911 1761 1136 1826 Iurisconsulti
1152 1762 1243 1827 etde
1259 1763 1413 1826 omnibus
1424 1763 1560 1826 omnino
1575 1761 1729 1844 gentibus
1745 1761 1899 1844 colligere

493 1873 545 1935 ius
561 1871 657 1936 istud.
689 1872 821 1954 quodsi
839 1873 990 1952 Romani,
1006 1873 1131 1949 Graeci,
1150 1874 1273 1952 Iudaei,
1288 1875 1426 1952 barbari,
1441 1894 1556 1939 omnes
1576 1875 1719 1958 denique
1740 1876 1809 1939 noti
1829 1877 1898 1939 iure

495 1984 608 2067 aliquo
630 1983 679 2047 usi
702 1993 786 2062 sunt,
810 1986 927 2050 eodem
950 1985 1101 2050 homines
1122 2006 1237 2051 omnes
1260 1987 1309 2050 usi
1332 1987 1564 2051 existimentur
1573 1985 1595 2051 ⁴.
1641 1987 1816 2070 incognita
1841 2008 1901 2071 per

496 2098 629 2180 cognita
650 2097 878 2180 cognoscimus
887 2099 908 2162 ⁵.
955 2099 1029 2163 Imo
1050 2108 1087 2164 ut
1107 2100 1208 2164 rectio
1227 2099 1378 2176 ciuitatis,
1394 2109 1428 2164 et
1443 2099 1526 2182 legis
1542 2099 1621 2164 latio
1637 2109 1687 2163 est
1703 2120 1805 2182 penes
1820 2101 1899 2164 ciui-

497 2210 575 2273 tatis
598 2219 726 2291 partem
750 2211 926 2275 maiorem:
954 2212 1001 2276 ita
1023 2211 1112 2275 orbis
1136 2213 1236 2276 rectio
1259 2220 1309 2276 est
1331 2231 1433 2294 penes
1455 2211 1744 2294 congregationem
1768 2211 1899 2276 maioris

497 2321 599 2404 partis
616 2322 715 2386 orbis.
761 2321 860 2405 Quod
878 2331 911 2388 et
926 2326 969 2388 de
984 2324 1052 2388 iure
1067 2345 1133 2388 non
1152 2324 1275 2407 scripto
1289 2324 1494 2387 verissimum
1514 2331 1573 2387 est.
1607 2333 1699 2388 tenet
1715 2324 1802 2387 enim
1822 2343 1899 2388 con-

498 2435 639 2498 suetudo
661 2453 777 2498 omnes
792 2435 825 2498 in
841 2435 995 2516 ciuitatc;
1019 2445 1052 2500 et
1071 2436 1215 2500 ciuitatis
1238 2435 1358 2500 dicitur
1380 2436 1585 2500 consuetudo
1607 2436 1729 2500 totius:
1756 2436 1817 2500 etsi
1833 2456 1898 2500 non

497 2566 612 2610 omnes
628 2549 850 2611 consenserint
866 2548 899 2612 in
915 2569 990 2612 eam
1005 2548 1114 2612 ciues:
1138 2548 1222 2613 sorte
1238 2557 1271 2612 et
1288 2548 1435 2611 nonnulli
1451 2549 1559 2613 eidem
1575 2549 1834 2613 contradixerint
1846 2549 1868 2606 ⁶.

541 2657 592 2723 At
614 2657 679 2723 alia
701 2659 850 2724 definitio
873 2660 950 2724 iuris
972 2662 1121 2744 gentium
1148 2670 1181 2725 et
1204 2660 1386 2742 elegantior
1408 2670 1466 2738 est,
1489 2669 1522 2724 et
1549 2661 1582 2724 id
1608 2660 1781 2742 significat,
1809 2663 1898 2743 quod

498 2769 635 2835 tradidit
658 2769 854 2854 Xenophon,
877 2772 967 2854 leges
990 2793 1062 2836 esse
1085 2774 1246 2854 quasdam
1269 2792 1335 2836 non
1362 2772 1499 2853 scriptas
1519 2770 1627 2834 ubiuis
1649 2769 1806 2850 locorum,
1833 2790 1899 2834 non

497 2882 540 2945 ab
558 2880 747 2946 hominibus
765 2882 857 2962 latas,
873 2884 985 2966 quiin
1005 2905 1107 2948 unum
1126 2884 1301 2948 conuenire
1324 2903 1440 2947 omnes
1463 2903 1529 2947 non
1553 2861 1730 2965 potuerint,
1747 2903 1807 2948 nec
1830 2882 1898 2946 lue·

421 2987 427 2998 ’
498 2994 562 3058 rint
588 2995 683 3058 unius
709 2994 841 3076 linguae
863 3017 987 3071 omnes,
1004 2998 1062 3060 sed
1083 2997 1179 3061 datas
1201 3017 1221 3060 a
1241 2996 1332 3060 Deo:
1363 3006 1400 3059 ut
1421 2995 1477 3058 illa
1502 2995 1649 3079 inprimis
1672 2995 1761 3078 apud
1785 3016 1900 3060 omnes

497 3105 656 3188 homines,
682 3115 717 3170 ut
739 3107 850 3170 Deum
876 3107 984 3172 colas:
1016 3117 1049 3172 et
1076 3107 1142 3185 illa,
1165 3119 1202 3173 ut
1225 3117 1378 3191 parentes
1400 3107 1542 3172 honores
1552 3107 1574 3172 ⁷.
1621 3107 1695 3171 Has
1719 3108 1809 3190 leges
1833 3128 1900 3172 non

497 3219 645 3302 scriptas,
672 3220 731 3283 sed
757 3229 872 3284 natas:
905 3241 987 3303 quas
1013 3241 1079 3285 non
1102 3220 1285 3299 didicimus,
1309 3220 1505 3303 accepimus,
1527 3221 1686 3303 legimus;
1720 3241 1833 3284 uerum
1857 3242 1901 3285 ex

497 3341 613 3396 natura
638 3332 709 3414 ipsa
735 3332 938 3414 arripuimus,
962 3332 1140 3412 hausimus,
1166 3334 1408 3416 expressimus:
1442 3334 1485 3397 ad
1513 3353 1595 3414 quas
1619 3353 1686 3397 non
1713 3334 1813 3413 docti,
1840 3336 1900 3399 sed

496 3444 596 3523 facti3
628 3464 694 3508 non
717 3445 869 3522 instituti,
885 3446 943 3509 sed
962 3446 1080 3509 imbuti
1099 3466 1212 3510 sumus
1222 3443 1244 3510 ⁸.
1289 3446 1335 3510 Et
1353 3445 1436 3510 haec
1455 3444 1603 3520 definitio
1625 3454 1739 3509 tamen
1761 3446 1901 3511 sustinet

497 3577 631 3639 quoque
648 3558 886 3640 quaestionem,
901 3578 987 3641 quae
1010 3579 1049 3622 ea
1070 3558 1122 3636 sit,
1138 3566 1195 3622 aut
1218 3558 1387 3640 quomodo
1410 3560 1603 3622 ostendatur
1626 3559 1709 3622 ratio
1732 3559 1900 3622 naturalis

497 3668 555 3733 Ad
575 3691 675 3752 quam
692 3672 738 3735 sic
754 3680 805 3736 est
820 3671 1096 3754 respondendum,
1112 3672 1273 3735 rationem
1290 3670 1475 3735 naturalem
1491 3691 1549 3754 per
1564 3691 1600 3735 se
1615 3681 1738 3754 patere.
1765 3682 1798 3735 et
1814 3692 1901 3756 ergo,

498 3782 554 3862 qui
578 3801 616 3846 ea
638 3783 795 3861 nituntur,
818 3783 942 3848 habent
968 3783 1057 3860 satis,
1085 3783 1112 3846 si
1139 3785 1186 3847 sic
1211 3784 1313 3861 aiunt,
1336 3783 1432 3865 ‘Ipsa
1457 3793 1573 3847 natura
1598 3783 1901 3848 manifestissimum

499 3897 506 3925 ‘
522 3889 592 3956 est'
622 3893 751 3958 ‘Palam
766 3904 817 3959 est
831 3894 972 3959 naturali
988 3891 1133 3960 ratione.'
1164 3895 1373 3959 ‘Naturalem
1389 3895 1491 3960 habet
1507 3894 1730 3962 intellectum!
1758 3899 1902 3962 ‘Natura

499 4001 639 4082 ‘docet’
655 4014 689 4069 et
707 4005 826 4069 similia
848 4005 990 4089 plurima
998 4007 1020 4069 ⁹.
1050 4015 1084 4070 et
1101 4007 1249 4071 ‘Natura
1271 4006 1433 4090 aequum'
1478 4007 1587 4071 ‘Nihil
1611 4017 1681 4072 tam
1704 4009 1902 4073 conueniens

500 4121 508 4150 ‘
524 4115 663 4180 naturali
676 4117 855 4199 aequitati'
885 4117 1025 4183 ‘Contra
1040 4128 1191 4184 naturam
1209 4118 1277 4185 est.’
1308 4119 1448 4183 ‘Rerum
1464 4129 1582 4184 natura
1598 4141 1664 4185 non
1680 4119 1844 4204 recipit¹⁰.'
1869 4129 1902 4184 et

499 4321 543 4372 ¹1.
557 4322 622 4384 5.de
634 4323 667 4373 iu.
679 4330 703 4373 et
715 4323 761 4373 iur.
774 4323 819 4386 (D.
834 4338 855 4372 1.
870 4325 904 4386 1).
982 4322 1207 4391 ’1.1.dehisqui
1219 4344 1255 4377 su.
1268 4328 1314 4390 (D.
1329 4329 1398 4392 1.6).
1472 4327 1552 4378 'Pla
1565 4331 1587 4378 8.
1600 4327 1727 4394 Delegib·
1740 4331 1777 4395 (p.
1790 4330 1847 4394 838.
1860 4331 1903 4392 u).

499 4407 508 4437 ⁴
527 4407 623 4457 Herod.
635 4407 680 4457 lib.
694 4420 714 4454 2.
759 4405 769 4434 ⁶
785 4405 802 4456 l.
812 4421 835 4468 3.
846 4407 878 4457 de
888 4408 954 4458 decr.
965 4408 999 4457 ab
1009 4424 1045 4458 or.
1058 4409 1090 4458 sa.
1104 4409 1149 4471 (D.
1163 4423 1201 4473 50·
1213 4412 1253 4475 9);
1272 4413 1360 4461 Panor.
1372 4413 1403 4462 de
1415 4428 1484 4463 conc.
1497 4412 1573 4462 Basil.
1615 4411 1625 4440 ⁰
1642 4412 1659 4461 1.
1672 4427 1711 4474 3²·
1723 4429 1790 4478 seqq.
1802 4412 1903 4478 delegi.

527 4491 572 4554 (D.
587 4505 607 4539 1.
621 4492 656 4554 3).
722 4489 865 4556 'Xenopn
877 4509 900 4553 4.
912 4490 980 4542 Socr.
993 4508 1014 4542 c.
1026 4507 1050 4555 4.
1116 4492 1421 4559 'Cic.proMilon.c.4.
1487 4497 1530 4545 Ἰ.
1545 4497 1625 4559 75.de
1637 4496 1668 4545 V.
1681 4497 1713 4546 0.
1727 4496 1826 4560 (Ι),45.
1840 4499 1880 4560 ι);

643 4571 659 4624 l.
676 4573 812 4624 adeobli.
825 4574 921 4638 (D.44.
936 4573 1010 4639 7);l.
1023 4576 1145 4638 5.deser.
1157 4591 1195 4626 ex.
1208 4576 1253 4640 (Ι).
1268 4577 1305 4625 18.
1319 4579 1357 4641 7);
1375 4577 1392 4627 l.
1406 4578 1548 4628 anodeV.
1560 4579 1585 4629 S.
1599 4579 1643 4642 (D.
1657 4593 1695 4644 50.
1710 4579 1761 4642 16).

553 4655 570 4686 ¹⁰
589 4651 1858 4727 l.2.deprec.(n.43.26);1.9.dead.re.do.(1).41.1);1.3.1.23.dead.p0ss.(D.41.2>.
