4604 5562
488 716 549 776 114
968 703 1171 758 ALBERICI
1199 700 1400 757 GENTILIS

485 950 611 1014 scilicet
642 949 675 1012 id
706 946 909 1024 interimitur,
939 947 1031 1010 cuius
1061 953 1111 1008 est
1142 944 1255 1021 forma,
1285 963 1352 1008 non
1381 941 1471 1006 aliud
1481 940 1501 1005 ¹.
1558 939 1646 1004 Ecce
1679 935 1888 1002 monarchica

486 1062 660 1125 interemta
677 1059 782 1123 forma
800 1067 875 1141 post
893 1067 1030 1122 exactos
1053 1077 1154 1140 reges,
1176 1055 1277 1119 etiam
1299 1051 1542 1118 monarchicum
1564 1050 1737 1133 imperium
1759 1047 1889 1112 Romae

486 1173 594 1250 desiit,
609 1171 668 1236 sed
691 1169 864 1254 imperium
889 1169 1018 1234 Romae
1041 1189 1107 1232 non
1131 1168 1237 1232 desiit.
1281 1165 1353 1230 Alii
1364 1185 1501 1260 dnouum
1522 1161 1683 1226 definiunt
1705 1160 1888 1242 imperium,

487 1286 577 1368 quod
613 1285 658 1348 ab
695 1281 883 1346 hominibus
916 1282 1039 1346 exteris
1069 1283 1102 1345 ui
1132 1290 1166 1345 et
1196 1280 1296 1345 armis
1325 1287 1525 1361 occupatum
1555 1285 1617 1339 est.
1674 1271 1831 1338 Ceterum
1860 1271 1888 1334 si

488 1397 629 1461 uictores
655 1393 735 1458 nihil
762 1393 874 1471 uelint,
899 1413 1002 1475 quam
1028 1393 1062 1455 in
1088 1392 1320 1474 participatum
1348 1390 1459 1454 uenire
1486 1386 1629 1452 ciuitatis
1656 1395 1715 1451 aut
1738 1383 1887 1466 imperii:

487 1517 523 1572 et
544 1508 572 1572 si
594 1507 745 1590 princeps
763 1507 869 1570 uictor
891 1504 970 1569 nihil
990 1504 1078 1582 uelit,
1093 1524 1195 1585 quam
1214 1523 1286 1566 esse
1303 1503 1511 1566 deuictorum
1529 1500 1704 1581 princeps:
1728 1495 1889 1578 impedita

488 1619 541 1683 hic
562 1628 675 1684 manet
693 1616 853 1682 definitio.
900 1616 1020 1698 Cogita
1035 1615 1198 1692 Aeneam,
1215 1624 1249 1678 et
1269 1625 1350 1678 ante
1371 1613 1489 1695 ipsum,
1505 1620 1539 1675 et
1563 1629 1639 1674 cum
1662 1609 1744 1690 ipso,
1759 1616 1794 1671 et
1814 1615 1890 1689 post

489 1731 597 1814 ipsum
627 1730 670 1794 ad
701 1747 803 1811 usque
834 1727 1019 1792 exscidium
1047 1726 1167 1806 Albae,
1202 1745 1339 1808 regnum
1373 1725 1543 1788 Latinum.
1602 1721 1696 1786 Haec
1730 1721 1777 1784 ita
1811 1715 1890 1780 mihi

490 1841 651 1906 uidentur.
696 1839 793 1922 Quae
818 1847 930 1903 autem
957 1840 1000 1903 de
1024 1839 1178 1902 Romano
1205 1836 1344 1919 imperio
1373 1844 1450 1899 sunt
1476 1835 1654 1916 disputata,
1681 1850 1721 1895 ac
1745 1828 1890 1905 definita,

489 1953 608 2016 eadem
623 1951 815 2032 accipienda
829 1951 872 2014 de
886 1947 958 2012 aliis
974 1959 1050 2013 sunt
1066 1969 1206 2031 quoque.
1248 1947 1301 2012 De
1318 1948 1472 2011 Romano
1487 1946 1660 2028 disputant
1674 1952 1709 2007 et
1724 1939 1890 2022 theologi:

489 2074 524 2128 et
542 2082 658 2128 omnes
675 2057 819 2146 (opinor)
839 2081 967 2125 mecum
987 2059 1157 2125 definiunt.

1051 2374 1141 2449 Cnr.
1175 2373 1329 2447 XXIV.

863 2615 912 2686 52·
936 2614 975 2685 in
994 2621 1157 2709 posteros
1184 2621 1351 2685 mouetur
1377 2612 1517 2688 bellum.

539 2849 615 2914 SED
638 2858 675 2915 ut
696 2868 900 2913 successores
922 2847 1054 2919 bellum¹
1074 2855 1218 2920 mouent,
1242 2866 1284 2911 an
1308 2848 1408 2911 etiam
1436 2849 1467 2910 in
1494 2847 1719 2914 successores?
1750 2851 1814 2915 hoc
1836 2860 1895 2930 est,

494 2983 537 3027 an
567 2963 673 3036 liceat,
700 2960 824 3023 bellum
856 2979 988 3024 mouere
1018 2966 1131 3022 contra
1161 2978 1364 3022 successores
1395 2970 1428 3024 et
1458 2971 1618 3043 posteros,
1648 2963 1738 3045 quod
1769 2962 1895 3028 licitum

495 3073 609 3136 luisset
641 3082 757 3139 contra
790 3089 1023 3153 praecessores.
1083 3068 1179 3152 Quae
1211 3078 1262 3133 est
1291 3070 1417 3151 agitata
1447 3071 1598 3153 quaestio
1631 3093 1674 3136 ex
1708 3072 1895 3138 Alexandri

495 3183 593 3264 iacto,
612 3182 737 3246 bellum
760 3183 793 3244 in
817 3181 932 3246 Persas
956 3180 1128 3256 mouentis,
1147 3187 1180 3242 et
1203 3181 1409 3244 incendentis
1431 3202 1546 3246 eorum
1568 3183 1673 3260 urbeS,
1692 3183 1837 3248 Graecos
1860 3194 1897 3248 ut

496 3295 706 3359 ulcisceretur
732 3289 840 3356 suos2.
893 3291 1108 3374 Quamquam
1136 3291 1328 3355 Herodotus
1354 3292 1551 3374 principium
1580 3294 1677 3358 huius
1703 3296 1793 3358 saeui
1819 3294 1897 3359 sacti

497 3407 631 3471 Graecis
652 3405 812 3480 attribuit,
832 3412 866 3467 et
890 3403 995 3466 Persis
1018 3402 1275 3465 uindicationem
1285 3401 1307 3467 ³.
1353 3401 1421 3467 Sed
1445 3404 1490 3467 de
1509 3404 1598 3470 sacto
1624 3404 1702 3469 mihi
1729 3427 1807 3470 cura
1832 3425 1898 3469 non

497 3528 557 3583 est.
602 3518 737 3601 Quaero
765 3517 808 3580 de
834 3515 904 3579 iure
926 3513 1025 3578 facti:
1057 3523 1091 3577 et
1117 3523 1279 3594 quantum
1302 3515 1345 3578 ad
1369 3525 1539 3597 posteros:
1570 3537 1647 3580 nam
1674 3518 1718 3582 de
1743 3517 1899 3582 uastitate

498 3640 532 3696 et
550 3630 708 3695 incendiis
723 3628 899 3691 disseretur
919 3625 952 3687 in
971 3626 1116 3688 secundo
1134 3624 1228 3689 libro.
1273 3623 1388 3708 Atque
1406 3625 1576 3701 Arrianus,
1592 3648 1694 3710 quem
1714 3637 1898 3692 nostrarum

498 3741 610 3823 legum
636 3762 680 3804 ex
704 3737 894 3802 auctoribus
920 3756 1023 3799 unum
1048 3735 1148 3798 fuisse
1175 3734 1292 3800 uolunt
1314 3736 1450 3818 quidam
1459 3735 1483 3812 ⁴,
1502 3736 1618 3802 laudat
1644 3739 1767 3820 ubique
1793 3738 1900 3802 Alex·

499 3851 593 3916 andri
625 3850 723 3926 facta,
754 3850 813 3912 sed
850 3848 1030 3911 uindictam
1064 3847 1171 3923 istam,
1206 3847 1345 3910 damnat
1380 3846 1536 3929 palam⁵z
1570 3869 1645 3914 cum
1679 3849 1736 3930 qui
1769 3850 1901 3913 iniurias

501 3959 635 4026 Graecis
665 3960 855 4034 intulerunt,
883 3957 929 4020 illi
960 3959 1026 4020 iam
1057 3957 1177 4020 mortui
1213 3956 1328 4020 nullibi
1367 3969 1486 4023 essent.
1549 3960 1644 4023 Idem
1681 3961 1902 4025 condemnare

501 4072 630 4136 uidetur
652 4070 696 4152 Q.
721 4068 852 4134 Curtius
875 4069 907 4130 in
931 4067 1084 4148 eoquod
1108 4077 1257 4148 posteros
1280 4070 1485 4150 proditorum
1512 4072 1720 4152 quorundam
1744 4071 1902 4136 Graeciae

502 4181 664 4246 interiecit
686 4201 822 4244 omnes:
853 4179 933 4242 dum
957 4179 1084 4242 censuit
1108 4178 1277 4260 improbos
1300 4181 1524 4262 improborum
1551 4183 1732 4265 posterosss.
1778 4183 1902 4247 Exstat

501 4302 614 4356 autem
645 4292 724 4355 mihi
754 4290 914 4354 latissima
944 4289 1022 4352 alibi
1053 4289 1233 4370 disputatio
1268 4291 1299 4352 in
1330 4292 1508 4374 proposito,
1534 4294 1561 4356 si
1591 4294 1675 4357 alius
1705 4313 1766 4376 pro
1795 4294 1902 4358 alieno

601 4525 643 4575 ¹1.
655 4521 789 4590 9.adexh.
803 4521 847 4584 (D.
861 4533 899 4570 ro.
911 4521 948 4585 4).
1077 4519 1153 4570 ²Str.
1166 4519 1209 4570 lib.
1223 4533 1258 4583 ¹5·
1271 4535 1292 4570 e.
1307 4536 1328 4571 2.
1458 4522 1610 4572 ³Herodot.
1622 4523 1668 4574 lib.
1680 4537 1703 4587 5.
1714 4538 1735 4572 c.
1750 4537 1805 4587 105.

568 4609 578 4638 ⁴
594 4609 668 4660 Cont.
679 4607 698 4656 l.
714 4619 750 4656 11.
761 4605 793 4654 de
805 4619 842 4670 pe.
854 4602 892 4654 he.
905 4601 951 4666 (D.
964 4615 986 4666 5.
1000 4609 1035 4664 3).
1166 4601 1176 4630 ⁵
1193 4603 1274 4652 Arria.
1287 4603 1328 4652 lib.
1343 4617 1365 4666 3„
1465 4605 1475 4632 ⁰
1491 4605 1560 4656 Curt.
1572 4603 1617 4654 lib.
1630 4613 1651 4667 7.
1663 4619 1684 4654 c.
1699 4617 1728 4666 5;
1746 4604 1830 4656 Sutria.
