4456 5566
664 730 725 784 DE
752 729 856 784 IURE
885 729 1018 798 BELLI,
1048 728 1177 795 LIB.I,
1210 727 1297 784 CAP.
1320 728 1373 785 IV.
1681 737 1721 804 23

328 978 360 1034 et
372 977 530 1034 terrarum
543 967 753 1052 praedonem.
766 975 845 1031 tunc
857 967 943 1030 enim
960 987 1102 1050 uereque
1114 975 1295 1050 arguteque
1310 969 1424 1031 datam
1437 987 1456 1030 a
1469 965 1575 1048 pirata
1588 985 1723 1048 respon·

329 1079 452 1144 sionem
472 1078 667 1144 laudaueris.
712 1077 758 1142 Et
776 1078 822 1142 ita
845 1077 969 1142 iallitur
986 1078 1087 1142 etiam
1103 1077 1264 1157 Aiciatus,
1279 1078 1335 1161 qui
1352 1078 1440 1142 idem
1456 1076 1581 1161 piratae
1599 1077 1723 1142 dictum

328 1190 505 1273 aliquando
528 1189 713 1272 adprobare
734 1189 873 1268 uidetur,
898 1198 930 1253 et
952 1190 1159 1273 aliquatenus
1181 1189 1360 1272 piraticam,
1382 1207 1422 1253 ea
1441 1187 1564 1253 scilicet
1587 1188 1722 1262 ratione,

330 1299 406 1382 quia
416 1301 542 1383 piratae
553 1319 573 1364 a
586 1299 790 1382 Principibus
803 1297 1009 1364 tolerentur¹.
1038 1300 1083 1365 Et
1095 1300 1215 1365 suerint
1226 1310 1351 1384 gentes,
1362 1321 1448 1383 quae
1459 1299 1631 1384 piraticam
1641 1299 1724 1383 pub·

330 1411 389 1476 lice
405 1421 633 1476 exercuerunt.
664 1409 878 1475 ‘Normanni'
895 1409 942 1496 (id
959 1431 1044 1477 nunc
1059 1409 1196 1497 addam)
1212 1411 1522 1478 ‘uetustissimorum
1537 1421 1724 1494 temporum

327 1522 506 1605 ‘opinione
521 1522 691 1605 piraticam
708 1523 740 1587 in
757 1522 855 1588 laude
870 1523 1040 1606 ponebant
1051 1521 1074 1588 ε’
1092 1523 1198 1606 inquit
1214 1521 1249 1586 P.
1266 1520 1465 1606 AEmyliust
1501 1523 1546 1588 Et
1562 1521 1723 1600 Alciatus,

330 1633 544 1717 quodminus
566 1633 599 1696 hi
623 1643 760 1716 peccent
776 1633 832 1716 qui
855 1633 888 1697 in
912 1633 993 1697 mari
1014 1633 1218 1717 delinquunt,
1234 1633 1289 1698 ubi
1308 1634 1358 1698 ius
1379 1632 1528 1717 gentium
1545 1635 1641 1712 ualet,
1658 1653 1723 1697 non

329 1745 392 1809 alia
409 1743 483 1808 lex:
508 1753 608 1827 atque
623 1765 663 1808 eo
679 1743 747 1808 iure
762 1753 812 1808 est
833 1763 923 1808 mare
943 1763 1128 1810 commune.
1174 1744 1316 1828 Indigna
1333 1754 1428 1810 tanto
1443 1746 1514 1808 uiro
1532 1745 1723 1826 disputatio.

331 1854 379 1920 Ut
400 1854 542 1919 Plautini
565 1856 634 1919 eius
656 1855 800 1933 ridicula,
823 1855 879 1939 qui
903 1854 1034 1919 dicebat
1057 1854 1192 1934 licitum,
1214 1852 1341 1920 auierre
1363 1855 1469 1939 pisces
1491 1855 1525 1918 in
1548 1854 1723 1919 macellum

329 1966 456 2046 allatos,
471 1967 628 2049 quoniam
648 1975 758 2032 essent
777 1967 810 2030 in
831 1967 912 2030 mari
934 1967 1030 2049 capti,
1045 1967 1134 2050 quod
1155 1986 1332 2032 commune
1350 1975 1435 2030 esset
1445 1965 1465 2028 ³.
1513 1963 1607 2032 Ha'ec
1628 1965 1725 2030 simul

329 2087 428 2160 atque
450 2079 654 2160 apprehensa
677 2089 761 2157 sunt,
782 2079 852 2143 sine
874 2079 977 2143 dubio
1000 2079 1078 2156 eius,
1100 2077 1133 2140 in
1156 2079 1248 2142 cuius
1271 2087 1471 2160 potestatem
1496 2086 1726 2161 peruenerunt,

330 2189 453 2252 domini
484 2188 567 2253 fiunt
577 2187 600 2254 ⁴.
654 2189 767 2254 ‘Mare
796 2190 948 2253 omnibus
977 2208 1175 2266 commune;
1206 2190 1263 2252 sed
1287 2189 1393 2271 pisces
1417 2209 1530 2281 eorum
1557 2189 1612 2271 qui
1637 2209 1726 2253 erne·

330 2299 463 2378 'rent3’
485 2301 616 2365 dixerat
632 2299 878 2366 phoenicidest.
924 2301 1033 2384 Capta
1051 2301 1204 2363 desinunt
1228 2321 1299 2364 esse
1321 2301 1540 2365 communiat
1586 2300 1632 2363 Et
1654 2301 1725 2382 ipsa

330 2429 413 2494 aqua
438 2411 536 2475 maris
554 2413 597 2475 ad
620 2411 721 2477 salem
744 2411 985 2476 conficiendum
1001 2419 1147 2493 accepta,
1162 2410 1352 2492 accipientis
1368 2419 1427 2476 est.
1472 2411 1513 2475 Id
1534 2409 1588 2475 hic
1611 2411 1726 2475 uiden-

329 2523 407 2584 dum
424 2530 474 2586 est
490 2521 591 2600 nobis,
608 2543 649 2586 ne
664 2543 709 2587 ex
724 2522 861 2601 latrone,
877 2532 912 2586 et
928 2521 1098 2587 latrocinio
1114 2521 1146 2584 in
1163 2523 1291 2600 ducem,
1307 2531 1341 2585 et
1359 2521 1392 2584 in
1410 2521 1536 2585 bellurn
1555 2523 1723 2586 euadatur.

330 2630 428 2715 Quod
456 2633 498 2696 de
521 2631 712 2697 Aristonico
744 2633 908 2711 Iustinus3
938 2633 982 2698 de
1006 2633 1137 2699 Uiriato
1162 2631 1360 2710 Frontinus;
1387 2633 1430 2696 de
1454 2633 1526 2714 ipso
1553 2632 1724 2717 Spartaco,

331 2751 362 2806 et
386 2741 508 2824 piratis,
527 2751 561 2808 et
583 2743 729 2826 Apuleio
751 2742 897 2827 quodam
924 2744 1116 2827 proscripto,
1139 2752 1173 2808 et
1195 2744 1238 2807 de
1262 2740 1342 2807 Sex.
1365 2743 1525 2826 Pompeio
1547 2743 1725 2827 Appianus

329 2853 375 2918 ait
383 2856 406 2920 ⁷.
452 2853 617 2938 Quodque
632 2854 689 2919 fiet
705 2875 770 2919 non
789 2864 857 2920 tam
877 2855 953 2919 iusti
977 2856 1141 2920 exercitus
1161 2863 1270 2934 auctu,
1285 2863 1319 2918 et
1337 2855 1466 2918 urbium
1490 2855 1672 2938 interceptu
1688 2865 1725 2920 ut

331 2966 504 3049 scriptores
531 2968 583 3030 isti
609 2976 643 3030 et
669 2965 723 3030 alii
746 2966 891 3031 historici
914 2968 1046 3032 credere
1068 2969 1230 3044 uidentur,
1252 2987 1352 3050 quam
1375 2967 1552 3049 adeptione
1576 2966 1726 3048 publicae

331 3075 498 3142 caussae⁸.
545 3077 598 3141 lta
616 3077 702 3141 enim
720 3077 867 3142 Uiriatus
886 3097 988 3160 quum
1003 3099 1024 3141 a
1040 3079 1170 3161 priuato
1185 3077 1355 3142 latrocinio
1370 3079 1413 3142 ad
1429 3078 1555 3160 patriae
1575 3097 1724 3142 caussam

332 3186 489 3252 tuendam
504 3209 541 3252 se
555 3187 756 3266 contulisset,
768 3189 839 3252 dux
854 3189 897 3252 de
912 3187 1040 3253 latrone
1051 3188 1158 3253 iactus
1174 3197 1233 3268 est,
1249 3198 1283 3252 et
1294 3188 1417 3252 bellum
1434 3189 1573 3270 gessisse
1588 3189 1725 3272 dicetur.

333 3298 377 3363 Et
401 3300 512 3383 itaque
538 3319 653 3382 pacem
679 3318 754 3363 cum
777 3319 826 3378 eo,
848 3309 882 3363 et
905 3298 1021 3364 foedus
1044 3299 1116 3364 iniit
1138 3297 1281 3382 populus
1305 3299 1495 3363 Romanus:
1527 3309 1560 3363 et
1583 3300 1725 3363 eundem

331 3409 509 3494 appellauit
532 3410 684 3475 amicum.
731 3409 775 3473 Et
798 3410 845 3473 ita
867 3410 967 3475 etiam
994 3409 1144 3488 Arsaces,
1169 3430 1270 3492 quum
1294 3411 1420 3492 patriae
1441 3429 1579 3490 regnum
1601 3409 1725 3472 subdu-

332 3539 404 3586 cere
427 3520 665 3585 Macedonibus
688 3521 846 3603 occoepit,
862 3522 905 3585 de
925 3520 1054 3585 latrone
1073 3541 1132 3584 rex
1154 3521 1187 3584 in
1204 3521 1314 3584 Persia
1331 3519 1422 3583 iuit⁹.
1469 3519 1513 3583 Et
1531 3521 1577 3584 ita
1595 3519 1721 3583 Aristo·

332 3631 430 3710 nicus,
452 3632 532 3695 dum
559 3630 662 3694 Asiae
688 3631 779 3712 regni
805 3631 1043 3722 successionem
1071 3632 1140 3695 iure
1164 3631 1311 3694 uindicat
1337 3630 1514 3712 sanguinis,
1542 3631 1726 3711 Imperator

332 3740 427 3806 suerit
450 3743 577 3820 merim,
599 3751 634 3806 et
656 3741 780 3806 bellurn
803 3742 954 3806 habuerit
977 3761 1051 3806 curn
1077 3741 1237 3806 Romanis
1257 3741 1390 3806 iustum.
1436 3741 1483 3804 Et
1505 3742 1551 3806 ita
1574 3750 1725 3804 notatum

334 3862 390 3930 est,
414 3873 475 3919 nec
502 3854 644 3918 uoluisse
671 3853 790 3932 Deum,
813 3863 850 3918 ut
875 3853 1042 3936 Sampson
1066 3853 1192 3935 absque
1216 3872 1314 3918 causa
1341 3861 1528 3916 moueretur
1550 3852 1584 3915 in
1609 3852 1726 3915 Philis-

331 3972 431 4042 taeos,
442 3974 477 4029 at
493 3964 616 4043 iecisse,
628 3973 664 4029 ut
679 3985 699 4028 a
715 3965 851 4046 priuatis
866 3963 1026 4046 paulatim
1040 3966 1083 4028 ad
1098 3963 1265 4046 publicam
1281 3983 1430 4028 caussam
1447 3964 1508 4028 iret
1517 3961 1551 4029 ¹⁰.
1581 3961 1633 4026 At
1648 3984 1726 4027 uero

264 4117 270 4132 ·
331 4076 385 4159 qui
415 4095 565 4140 caussam
596 4076 693 4140 istam
724 4094 789 4138 non
820 4073 952 4152 habent,
978 4074 1012 4137 hi
1039 4095 1147 4158 neque
1169 4074 1283 4139 hostes
1312 4083 1412 4138 sunt:
1444 4075 1545 4138 etiam
1576 4075 1602 4138 si
1633 4095 1727 4138 exer-

332 4187 414 4252 citus
435 4187 582 4263 habent;
612 4196 646 4250 et
667 4203 732 4250 non
756 4186 958 4268 improspere
979 4205 1048 4248 rem
1071 4195 1212 4268 gerunt;
1235 4196 1269 4250 et
1291 4186 1420 4264 milites
1439 4185 1726 4268 Imperatoresque

340 4341 425 4349 ..-.-.
649 4339 1508 4350 ——·—--·--·--————-—————--——-———--—--—-

345 4422 575 4478 ¹A1.1.cons.11.
682 4419 736 4472 ¹P.
748 4420 846 4484 Aemyl.
859 4435 882 4484 3.
894 4421 983 4473 Franc.
994 4436 1019 4486 p.
1032 4422 1071 4488 ⁸9
1177 4421 1274 4472 'Plan
1286 4421 1352 4472 Rud.
1363 4427 1411 4472 act.
1425 4436 1494 4485 asc.
1508 4435 1536 4484 33
1554 4419 1616 4470 Pris.
1628 4419 1671 4470 lib.
1686 4431 1708 4482 7.

538 4503 1010 4652 tieemarietet·
1025 4506 1067 4615 ⁰2
1086 4585 1106 4634 r
1126 4601 1173 4635 ,ο
1216 4503 1459 4636 ,mitta
1473 4513 1495 4632 ⁷2·
1511 4599 1546 4634 ω
1566 4563 1596 4644 a
1617 4579 1650 4644 ,⁶

489 4603 775 4734 {ulierodianqoi
814 4623 821 4636 ·
946 4599 1222 4731 ’palmensi'
1267 4623 1273 4636 ι
1354 4621 1538 4729 ..¹⁰1u'd.r4.
1599 4619 1606 4639 .
