4604 5562
751 703 812 757 DE
840 703 943 758 IURE
973 705 1107 773 BELLI,
1139 705 1266 774 LIB.I,
1299 707 1385 762 CAP.
1410 709 1529 764 xxm.
1782 725 1840 790 113

439 961 539 1023 quum
562 942 744 1024 ingreditur
765 941 912 1020 fluuium,
934 951 967 1006 et
990 941 1092 1007 fluuio
1114 943 1235 1020 unitur,
1250 954 1309 1009 aut
1335 965 1426 1010 mare
1448 945 1558 1026 intrat,
1580 948 1689 1030 perdit
1712 969 1832 1013 nomen

439 1062 471 1117 et
486 1055 716 1137 exstinguitur.
763 1053 819 1118 Sic
834 1052 1012 1136 Assyrium
1031 1055 1205 1137 imperium
1225 1057 1340 1121 desiit:
1365 1059 1410 1122 sic
1427 1057 1595 1124 Persicum
1618 1062 1680 1124 sub
1703 1062 1842 1140 Parthis,

439 1175 471 1228 et
503 1176 604 1230 antea
643 1167 704 1229 sub
736 1165 1015 1246 Macedonibus¹3
1047 1175 1080 1230 et
1114 1167 1161 1231 sic
1195 1167 1472 1234 Macedonicum:
1503 1172 1550 1235 sic
1580 1173 1679 1237 desiit
1708 1174 1741 1236 in
1771 1183 1841 1238 tam

439 1282 550 1346 multis
573 1280 760 1364 regionibus
783 1255 993 1342 Romanum:
1016 1301 1102 1362 quae
1119 1290 1234 1363 raptae
1250 1281 1282 1344 in
1302 1282 1446 1346 alienam
1469 1285 1731 1349 dominationem
1754 1296 1841 1361 sunt,

437 1403 495 1457 aut
515 1394 557 1458 de
577 1393 680 1458 seruis
703 1391 826 1456 liberae
843 1391 951 1456 sactae
973 1400 1058 1456 sunt.
1102 1391 1153 1456 At
1176 1413 1242 1457 non
1265 1395 1363 1459 desiit
1386 1397 1569 1478 imperium,
1587 1399 1676 1480 quod
1700 1399 1842 1482 supersit

438 1505 470 1568 in
496 1505 607 1588 aliqua
634 1503 687 1569 uel
717 1502 912 1568 tenuissima
941 1512 1044 1586 parte.
1101 1505 1179 1568 Non
1210 1505 1332 1571 desinit
1363 1506 1490 1584 fluuius,
1513 1509 1569 1590 qui
1599 1509 1768 1591 redigatur
1797 1512 1841 1574 ad

439 1625 631 1700 pertenuem
653 1636 760 1698 aquae
784 1635 980 1693 mensuram,
999 1624 1032 1678 et
1055 1616 1120 1678 iam
1144 1616 1305 1681 nominari
1329 1620 1433 1701 possit
1455 1620 1563 1683 riuus:
1595 1641 1672 1684 nam
1695 1631 1728 1684 et
1752 1622 1841 1685 riuus

438 1727 555 1792 fluuius
577 1725 659 1792 est2.
705 1727 790 1792 Cum
814 1735 907 1806 parte
926 1725 981 1788 illa
1000 1727 1192 1792 tenuissima
1212 1729 1333 1792 seruari
1353 1749 1475 1793 nomen
1495 1730 1578 1793 iuste
1598 1732 1715 1813 potuit,
1737 1742 1770 1796 et
1792 1733 1841 1796 ius

438 1839 573 1922 imperii.
617 1837 707 1920 Quid
732 1837 773 1914 ni,
794 1837 820 1899 si
843 1846 877 1900 et
900 1857 919 1900 a
942 1837 1100 1920 principio
1127 1838 1173 1902 sic
1196 1859 1268 1903 esse
1296 1840 1381 1903 intra
1405 1841 1567 1905 ambitum
1595 1843 1702 1924 potuit
1729 1841 1842 1906 urbis?

440 1950 553 2016 Simile
582 1950 724 2013 dixerim
754 1947 891 2031 peculio,
920 1949 1009 2031 quod
1041 1949 1192 2026 nascitur,
1219 1951 1344 2030 crescit,
1371 1951 1540 2030 decrescit,
1566 1954 1704 2016 moritur
1714 1953 1738 2017 ³.
1794 1955 1841 2017 Et

438 2062 525 2144 quod
556 2064 590 2125 in
621 2059 741 2145 pusillo
772 2060 927 2124 constitui
957 2079 995 2124 ac
1022 2061 1153 2123 retineri
1180 2060 1279 2124 ualet.
1336 2061 1392 2127 Sic
1423 2064 1544 2126 seruari
1575 2064 1705 2148 collegii
1739 2075 1842 2147 atque

437 2174 578 2239 uniuersi
597 2175 646 2237 ius
664 2172 718 2236 uel
735 2173 768 2235 in
787 2192 862 2250 un0,
880 2171 942 2235 etsi
965 2170 1028 2235 hoc
1046 2173 1201 2237 constitui
1224 2192 1289 2235 non
1313 2184 1426 2255 posset
1449 2175 1482 2236 in
1506 2195 1581 2253 uno,
1602 2185 1653 2240 est
1671 2177 1841 2256 traditum,

438 2295 493 2350 aut
519 2296 654 2369 propter
679 2305 772 2366 spem
800 2283 1094 2364 redintegrationis,
1120 2293 1179 2348 aut
1209 2293 1344 2367 propter
1368 2285 1469 2348 aliam
1497 2287 1667 2364 rationem,
1693 2308 1780 2368 quae
1806 2298 1841 2354 et

438 2397 490 2464 hic
517 2398 607 2462 ualet
629 2398 663 2460 in
685 2395 898 2459 uniuersitate
925 2393 1114 2458 hominum:
1147 2416 1254 2460 rerum
1278 2397 1365 2460 enim
1392 2397 1594 2474 uniuersitas,
1619 2397 1721 2461 ueluti
1747 2419 1840 2481 grex,

439 2530 503 2573 non
532 2518 682 2573 seruatur
711 2509 744 2570 in
776 2527 841 2570 uno
852 2504 875 2570 ⁴.
922 2506 988 2569 Hic
1022 2507 1189 2570 modicum
1219 2519 1397 2586 seruatum,
1427 2520 1594 2572 seruatum
1628 2520 1747 2574 seruat.
1794 2511 1841 2575 Et

438 2631 602 2685 seruatum
637 2619 699 2683 suit
735 2619 908 2701 imperium
938 2618 984 2681 sic
1016 2618 1253 2696 Romanorum,
1282 2620 1460 2683 electorum
1491 2619 1563 2703 ipsa
1599 2622 1726 2705 imperii
1760 2623 1840 2686 sede

440 2731 727 2814 Constantinopoli
754 2752 774 2795 a
801 2731 945 2808 Francis,
970 2739 1002 2794 et
1033 2739 1223 2795 coactorum
1254 2741 1371 2813 postea
1397 2732 1430 2795 in
1457 2733 1579 2814 exigua
1609 2736 1732 2816 spacia,
1756 2755 1838 2799 mox

438 2854 471 2909 et
493 2846 623 2909 moenia
646 2845 715 2908 eius
734 2843 822 2906 urbis
845 2843 904 2906 uix
924 2841 1173 2908 defendentium
1192 2864 1213 2906 a
1227 2843 1354 2909 Turcis.
1400 2843 1437 2909 Si
1460 2844 1541 2908 nihil
1560 2846 1704 2910 Romani
1727 2867 1840 2929 super·

438 2956 552 3021 suisset
578 2957 727 3039 imperii:
760 2975 820 3018 nos
847 2963 905 3018 aut
932 2955 1057 3018 nudum
1085 2974 1206 3018 nomen
1232 2974 1298 3018 non
1325 2975 1535 3020 curaremus:
1566 2967 1624 3021 aut
1650 2957 1721 3034 hoc,
1749 2957 1838 3041 quod

437 3071 482 3134 sic
500 3068 722 3152 appellaretur
740 3067 940 3144 Romanum,
959 3066 1061 3129 ueteri
1080 3066 1264 3130 diceremus
1285 3067 1511 3150 subrogatum.
1556 3069 1604 3133 Et
1624 3071 1839 3153 subrogatum

438 3192 587 3246 censetur
616 3181 705 3244 idem
716 3179 739 3242 ⁶.
785 3177 852 3243 Sed
883 3177 917 3241 id
944 3178 1030 3242 nolo.
1065 3179 1133 3240 imo
1162 3179 1249 3241 enim
1280 3180 1323 3241 de
1348 3181 1452 3243 ueteri
1479 3191 1637 3263 superest.
1683 3183 1838 3266 Regnum

440 3294 691 3358 Macedonicum
719 3301 753 3354 et
780 3311 883 3373 usque
909 3293 951 3356 ad
977 3289 1192 3372 Cleopatram
1219 3291 1417 3372 superfuisse
1439 3292 1577 3357 uolunt:
1608 3303 1641 3357 et
1664 3294 1711 3358 ita
1734 3295 1841 3358 nomi-

439 3416 517 3470 nant
527 3407 548 3472 ⁰.
595 3405 640 3469 Et
658 3425 737 3487 ergo
759 3405 806 3466 ita
829 3402 908 3466 mihi
928 3402 1066 3477 uidetur,
1086 3402 1259 3484 imperium
1280 3411 1352 3465 tum
1371 3403 1515 3480 desiisse,
1535 3424 1638 3485 quum
1660 3404 1749 3469 nulla
1769 3407 1839 3470 eius

438 3519 490 3582 uel
506 3519 643 3582 minima
658 3525 771 3582 exstat
792 3535 876 3598 pars,
895 3534 954 3579 nec
977 3522 1126 3596 superest
1148 3533 1280 3576 nomen.
1325 3513 1415 3576 Nam
1436 3515 1525 3596 quod
1545 3516 1707 3596 quosdam
1730 3516 1839 3582 dicere

438 3632 545 3707 audio,
571 3649 694 3693 nouum
721 3625 859 3709 intelligi
885 3635 1037 3708 oportere
1062 3625 1246 3706 imperium,
1269 3625 1358 3706 quod
1386 3623 1508 3707 lingua,
1534 3627 1687 3706 moribus,
1712 3628 1839 3712 legibus

438 3744 581 3807 aueteri
605 3741 751 3814 dissidet,
774 3739 807 3803 id
835 3738 915 3801 mihi
942 3757 1008 3800 non
1034 3736 1152 3818 placet.
1198 3734 1255 3800 Sic
1277 3737 1365 3799 enim
1390 3737 1579 3800 Romanum
1602 3738 1710 3821 ipsum
1734 3740 1839 3823 impe·

439 3857 529 3934 rium,
546 3854 635 3938 quod
653 3874 673 3917 a
693 3851 838 3916 Romulo
858 3850 928 3926 luit,
948 3850 1099 3914 desiisset
1122 3846 1244 3931 pluries
1262 3847 1316 3912 uel
1339 3857 1417 3912 ante
1440 3853 1591 3932 tempora
1613 3852 1837 3917 barbarorum.

441 3968 533 4033 Haec
547 3975 686 4050 possunt
703 3973 830 4028 mutare
845 3962 985 4026 sormam
1002 3961 1137 4044 imperii,
1154 3970 1189 4024 at
1205 3981 1270 4024 non
1293 3961 1467 4043 imperium
1490 3962 1616 4027 tollere.
1647 3974 1685 4029 ut
1703 3974 1740 4028 ut
1759 3966 1838 4029 dici-

438 4091 497 4160 tur,
513 4080 602 4162 quod
626 4098 686 4161 per
706 4076 833 4141 formae
853 4073 1118 4138 interemtionem
1141 4074 1212 4155 ipsa
1233 4093 1336 4155 prope
1354 4075 1399 4138 rei
1421 4073 1607 4139 substantia
1622 4077 1836 4140 interimatur.

786 4266 794 4296 ¹
812 4264 876 4316 eun.
888 4263 963 4328 Quor
975 4263 1015 4313 oe
1026 4263 1065 4313 sn
1076 4264 1122 4314 lm.
1136 4265 1172 4329 (p.
1185 4263 1246 4330 ³19)
1259 4271 1284 4314 et
1295 4263 1321 4313 u
1333 4265 1389 4314 10oe
1402 4264 1482 4328 (54⁵)-

437 4355 447 4382 ¹
467 4353 557 4405 l1.de
568 4352 609 4402 flu.
621 4351 667 4417 (D.
679 4365 719 4416 43.
734 4351 790 4414 12);
805 4349 823 4400 l.
833 4361 854 4399 1.
866 4347 897 4397 de
907 4345 951 4396 riu.
963 4345 1008 4404 (D.
1018 4361 1058 4409 43.
1073 4349 1126 4406 11);
1140 4345 1157 4394 l.
1171 4356 1194 4409 7.
1207 4360 1246 4408 30.
1257 4345 1336 4398 dead.
1346 4362 1379 4399 re.
1388 4347 1430 4398 do.
1443 4348 1489 4412 (D.
1501 4361 1541 4413 40·
1556 4351 1594 4412 1);
1609 4349 1666 4399 Alc.
1677 4363 1700 4412 5.
1710 4349 1830 4414 cons69.
1921 4414 1925 4426 ¹

954 4429 964 4458 ³
980 4428 997 4476 l.
1009 4442 1049 4493 40.
1061 4428 1092 4477 de
1103 4427 1176 4493 pecul
1188 4428 1234 4493 (D.
1248 4442 1286 4492 ¹5·
1300 4429 1335 4490 ι).

381 4547 385 4554 ·
439 4519 447 4548 ⁶
464 4519 515 4570 Bal.
526 4534 611 4584 prooe.
621 4517 654 4567 D.
666 4523 691 4566 et
702 4516 719 4565 l.
728 4529 752 4580 9.
763 4514 795 4564 de
806 4513 864 4578 legi.
876 4513 920 4576 (D.
935 4523 956 4561 t.
970 4511 996 4570 3)
1008 4517 1033 4560 et
1045 4510 1075 4561 C.
1087 4524 1143 4574 qna.
1153 4525 1194 4560 no.
1205 4525 1245 4576 pe.
1256 4525 1296 4574 pn.
1310 4509 1344 4574 (6.
1358 4512 1412 4570 ιο);
1430 4510 1511 4560 Castr.
1523 4511 1540 4559 l.
1552 4525 1590 4560 22.
1602 4510 1633 4561 de
1645 4512 1693 4575 leg.
1708 4527 1718 4560 1
1731 4511 1776 4573 (D.
1785 4515 1838 4574 30).

466 4603 475 4631 ⁵
491 4602 545 4652 Soc.
557 4601 575 4652 1.
588 4603 626 4650 28.
638 4599 669 4649 de
681 4598 752 4649 cond.
765 4597 810 4663 (D.
823 4611 862 4661 35.
878 4597 901 4657 ι)
909 4612 916 4656 ;
933 4593 1013 4658 Ceph.
1026 4608 1094 4643 cons.
1108 4606 1146 4642 20.
1160 4592 1199 4654 58.
1265 4592 1351 4642 'Item
1362 4591 1405 4640 lib.
1418 4606 1440 4653 3.
1453 4608 1474 4642 c.
1489 4605 1534 4654 25;
1551 4593 1590 4644 Cl.
1604 4595 1635 4644 A.
1647 4593 1694 4644 Str.
1709 4607 1729 4642 1.
1739 4609 1761 4643 c.
1774 4607 1814 4642 21.

797 4709 893 4717 -.ω-..η
901 4705 1088 4715 ----.-.--,
1109 4705 1241 4713 ...-

439 4715 568 4726 ..ι-.-

1125 4777 1148 4836 Q
