4456 5566
870 739 1278 805 PRAEFATIO.
1713 739 1771 802 xiii

371 979 451 1054 aliis
488 980 718 1056 Doctoribus
754 982 962 1057 senioribus
998 983 1035 1055 in
1071 983 1148 1056 suis
1183 980 1421 1055 facultatibus
1466 1006 1619 1055 caenam
1661 981 1773 1076 adpa-

372 1132 497 1189 rarent
508 1123 530 1188 ¹.

423 1250 499 1324 Die
529 1249 716 1324 dominico
747 1250 844 1323 duae
876 1251 1073 1324 conciones
1100 1251 1137 1322 in
1165 1249 1319 1324 ecclesia
1353 1251 1393 1323 B.
1427 1249 1571 1322 Mariae
1606 1247 1773 1345 Uirginis

373 1386 615 1459 habebantur.

423 1521 498 1595 Die
520 1518 641 1607 lunae,
664 1519 727 1617 qui
754 1536 834 1594 erat
861 1521 1105 1607 comitiorum,
1134 1538 1219 1618 post
1246 1546 1376 1617 preces
1402 1537 1441 1594 et
1467 1519 1677 1594 oblationes
1703 1517 1774 1593 sol·

372 1654 510 1743 lennes
530 1655 797 1729 inchoabantur
815 1655 990 1728 exercitia
1008 1655 1215 1730 comitialia.
1263 1655 1407 1728 Omnes
1427 1656 1463 1726 in
1492 1656 1576 1727 naui
1596 1652 1775 1728 ecclesiae

375 1791 415 1865 B.
444 1789 588 1864 Mariae
619 1789 785 1887 Uirginis
811 1790 881 1863 rite
912 1805 1018 1863 erant
1043 1790 1224 1886 dispositi,
1253 1789 1391 1863 scilicet
1417 1816 1440 1862 a
1466 1805 1571 1886 parte
1602 1787 1773 1863 orientali

373 1926 530 2000 sedebat
544 1924 737 1998 Professor
750 1922 994 2021 Theologiae,
1002 1925 1051 1997 ad
1063 1925 1233 1998 dextram
1248 1925 1328 1998 eius
1345 1924 1540 1999 Professor
1553 1924 1774 2010 Medicinae,

374 2061 422 2134 ad
452 2061 639 2133 sinistram
668 2057 863 2132 Professor
893 2059 1230 2155 lurisprudentiae;
1261 2060 1497 2133 adstantibus
1527 2062 1661 2156 cuique
1690 2059 1777 2133 Pro-

375 2193 507 2269 fessori
535 2192 785 2289 inceptoribus
812 2193 901 2265 suis.
956 2193 1000 2264 ln
1019 2192 1165 2267 Musica
1190 2194 1370 2291 incepturi
1399 2193 1435 2266 in
1462 2209 1567 2291 parte
1594 2193 1775 2291 superiori

374 2328 570 2426 pegmatis,
585 2327 687 2399 iuxta
702 2351 842 2424 organa
856 2327 1100 2422 pneumatica,
1113 2328 1281 2401 aderant.
1311 2327 1491 2415 Artistae,
1503 2354 1586 2402 cum
1603 2328 1777 2402 Procura-

376 2462 529 2547 toribus,
548 2461 597 2534 ad
615 2476 758 2556 partem
785 2460 1052 2535 occidentalem
1080 2460 1259 2537 ecclesiae
1286 2461 1638 2559 conglobabantur2.
1692 2462 1777 2536 Fie-

375 2597 466 2669 bant
483 2612 563 2669 tum
581 2593 852 2690 disputationes
866 2595 1095 2670 Artistarum
1114 2613 1153 2670 et
1165 2596 1433 2691 Magistrorum
1453 2596 1490 2668 in
1502 2597 1661 2670 Artibus
1678 2621 1779 2669 crea-

375 2733 514 2808 tiones:
543 2731 677 2804 deinde
695 2731 816 2803 Actus
839 2730 1001 2804 musicus
1025 2748 1063 2805 et
1084 2731 1293 2806 Doctorum
1320 2731 1355 2803 in
1375 2730 1521 2804 Musica
1547 2731 1776 2806 creationes:

376 2866 510 2939 deinde
529 2865 802 2961 disputationes
820 2880 859 2938 et
876 2865 1083 2940 creationes
1102 2867 1138 2939 in
1154 2865 1352 2952 Medicina,
1370 2865 1406 2936 in
1428 2864 1722 2963 lurisprudentia
1740 2881 1778 2939 et

377 2997 413 3071 in
432 2999 546 3072 Sacra
560 2994 781 3094 Theologia.
826 2996 972 3070 Sufficit
989 2998 1092 3094 quod
1110 2999 1158 3071 ad
1179 2999 1334 3070 luristas
1353 2998 1497 3072 adtinet
1514 2999 1586 3072 huc
1604 2999 1751 3074 referre.

420 3155 549 3219 ‘Moris
576 3165 626 3219 est
651 3163 687 3218 ut
717 3154 885 3218 Professor
911 3154 1035 3238 Regius
1063 3157 1095 3219 in
1124 3156 1391 3238 lurisprudentia,
1418 3157 1675 3222 admonentibus
1700 3158 1778 3220 Pro-

376 3259 613 3336 ‘curatoribus,
643 3259 822 3342 procedat:
862 3259 927 3340 qui,
956 3258 1071 3322 habita
1105 3258 1365 3340 praefatiuncula
1374 3258 1397 3334 ³,
1428 3260 1470 3322 ad
1502 3261 1701 3324 creationem
1732 3262 1778 3324 in-

380 3369 572 3445 ‘ceptorum
589 3363 777 3440 descendet,
792 3361 945 3426 videlicet
965 3382 1079 3426 eorum
1103 3362 1237 3426 cuilibet
1255 3363 1417 3426 tradendo
1433 3362 1562 3441 librum,
1578 3365 1779 3447 imponendo

380 3466 537 3546 ‘pileum,
567 3465 741 3529 inserendo
771 3466 913 3548 digitum
946 3465 1077 3540 annulo,
1108 3475 1141 3529 et
1173 3475 1341 3546 postremo
1372 3466 1590 3547 impertiendo
1619 3466 1778 3530 osculum.

379 3568 479 3650 ‘Qua
501 3569 666 3633 creatione
693 3578 834 3652 peracta,
859 3569 1065 3652 inceptorum
1092 3570 1200 3632 senior
1222 3578 1289 3632 tres
1316 3571 1527 3650 quaestiones
1556 3569 1780 3634 discutiendas

380 3674 584 3755 ‘proponet;
608 3673 788 3755 dequibus
809 3673 1011 3755 respondens
1034 3673 1134 3736 animi
1158 3673 1207 3736 sui
1226 3673 1424 3735 sententiam
1449 3682 1603 3754 exponet.
1650 3673 1781 3738 Deinde

381 3775 492 3839 ‘idem
527 3775 675 3857 inceptor
707 3775 816 3839 senior
847 3777 880 3838 in
915 3776 1051 3858 singulis
1087 3776 1378 3859 argumentabitur,
1409 3784 1442 3838 et
1479 3783 1711 3859 argumentum
1747 3779 1780 3840 in
1849 3821 1851 3824 -

381 3879 509 3960 ‘prima
533 3878 751 3943 confirmabit.
796 3878 876 3943 Post
899 3880 1071 3955 seniorem,
1095 3879 1149 3943 alii
1177 3879 1342 3958 seriatim3
1373 3880 1537 3943 secundus
1566 3879 1721 3942 nimirum
1748 3881 1781 3942 in

381 3982 557 4059 ‘secunda
580 3983 696 4045 tertius
723 3983 755 4044 in
777 3983 883 4061 tertia,
908 3992 942 4047 et
965 3980 1006 4068 (si
1031 3982 1140 4067 plures
1164 3981 1297 4068 fuerint)
1321 3992 1458 4065 quartus
1481 3983 1514 4047 in
1540 3983 1655 4066 prima,
1678 3993 1712 4048 et
1735 3984 1780 4048 sic

422 4183 431 4215 ¹
453 4183 524 4242 Stat.
540 4181 599 4242 Tit.
615 4183 661 4254 vii,
676 4191 745 4242 sect.
760 4183 778 4253 i,
794 4182 808 4258 5
824 4203 851 4258 9.
1288 4183 1299 4215 ²
1321 4181 1364 4244 lb.
1380 4182 1453 4258 512.

422 4281 433 4314 ⁸
455 4279 611 4341 Orationes
632 4282 662 4338 in
682 4280 798 4340 solenni
818 4281 987 4340 luristarum
1009 4282 1174 4358 inceptione
1194 4292 1252 4340 tres
1270 4281 1308 4340 ad
1329 4282 1483 4340 minimum
1505 4299 1573 4341 suas
1592 4281 1699 4358 publici
1713 4282 1781 4339 iuris

383 4375 449 4437 fecit
464 4379 623 4450 Albericus,
640 4378 774 4438 uidelicet
786 4398 836 4437 :—

423 4475 571 4553 Legalium
594 4476 776 4537 Camillorum
801 4477 894 4537 Oxon.
910 4477 1000 4549 Actia,
1015 4477 1123 4536 Franc.
1139 4477 1254 4538 Beuana
1273 4477 1416 4537 Docturae
1436 4480 1594 4555 dz'gnrimem
1614 4478 1780 4552 suscipiente.

385 4567 476 4655 [anno
491 4571 645 4657 smaxxxv]
669 4575 804 4648 Londini,
819 4572 1028 4658 uuaxxxv[v1].

426 4671 538 4732 Laudes
557 4675 722 4734 Academias
741 4675 899 4735 Perusinae
920 4679 950 4734 in
974 4676 1102 4753 Camriies
1123 4674 1250 4734 Samson.
1271 4675 1385 4747 Hussei,
1399 4673 1460 4734 Iole.
1476 4673 1608 4732 Buddcni
1625 4680 1651 4731 et
1672 4670 1787 4729 Olr'ueri

385 4795 607 4808 —U———n-——q

1073 4869 1092 4916 C
