<?xml version="1.0" encoding="UTF-8"?>
<!DOCTYPE html PUBLIC "-//W3C//DTD XHTML 1.0 Transitional//EN"
    "http://www.w3.org/TR/xhtml1/DTD/xhtml1-transitional.dtd">
<html xmlns="http://www.w3.org/1999/xhtml" xml:lang="en" lang="en">
 <head>
  <title>
</title>
<meta http-equiv="Content-Type" content="text/html;charset=utf-8" />
  <meta name='ocr-system' content='tesseract 3.04.00' />
  <meta name='ocr-capabilities' content='ocr_page ocr_carea ocr_par ocr_line ocrx_word'/>
</head>
<body>
  <div class='ocr_page' id='page_1' title='image "albericigentili01gentgoog_0075.png"; bbox 0 0 4456 5566; ppageno 0'>
   <div class='ocr_carea' id='block_1_1' title="bbox 479 587 1883 618">
    <p class='ocr_par' dir='ltr' id='par_1_1' title="bbox 479 587 1883 618">
     <span class='ocr_line' id='line_1_1' title="bbox 479 587 1883 618; baseline -0.001 -9"><span class='ocrx_word' id='word_1_1' title='bbox 479 587 1883 618; x_wconf 44' lang='lat' dir='ltr'>mmm-..m</span> 
     </span>
    </p>
   </div>
   <div class='ocr_carea' id='block_1_2' title="bbox 478 701 1396 778">
    <p class='ocr_par' dir='ltr' id='par_1_2' title="bbox 478 701 1396 778">
     <span class='ocr_line' id='line_1_2' title="bbox 478 701 1396 778; baseline -0.008 -14"><span class='ocrx_word' id='word_1_2' title='bbox 478 715 524 778; x_wconf 77' lang='lat'>42</span> <span class='ocrx_word' id='word_1_3' title='bbox 966 704 1167 760; x_wconf 66' lang='lat' dir='ltr'>nasama</span> <span class='ocrx_word' id='word_1_4' title='bbox 1195 701 1396 759; x_wconf 66' lang='lat' dir='ltr'>cannam</span> 
     </span>
    </p>
   </div>
   <div class='ocr_carea' id='block_1_3' title="bbox 477 939 1883 1917">
    <p class='ocr_par' dir='ltr' id='par_1_3' title="bbox 477 939 1883 1917">
     <span class='ocr_line' id='line_1_3' title="bbox 477 939 1883 1030; baseline -0.004 -19"><span class='ocrx_word' id='word_1_5' title='bbox 477 945 661 1012; x_wconf 85' lang='lat' dir='ltr'>deminutio</span> <span class='ocrx_word' id='word_1_6' title='bbox 684 947 717 1010; x_wconf 94' lang='lat' dir='ltr'>in</span> <span class='ocrx_word' id='word_1_7' title='bbox 741 947 898 1030; x_wconf 84' lang='lat' dir='ltr'>religione</span> <span class='ocrx_word' id='word_1_8' title='bbox 924 947 1072 1012; x_wconf 86' lang='lat' dir='ltr'>maxime</span> <span class='ocrx_word' id='word_1_9' title='bbox 1098 947 1238 1012; x_wconf 84' lang='lat' dir='ltr'>traditur</span> <span class='ocrx_word' id='word_1_10' title='bbox 1263 945 1448 1030; x_wconf 87' lang='lat' dir='ltr'>periculosa</span> <span class='ocrx_word' id='word_1_11' title='bbox 1457 941 1477 1010; x_wconf 90' lang='lat'>¹.</span> <span class='ocrx_word' id='word_1_12' title='bbox 1518 961 1594 1009; x_wconf 91' lang='lat' dir='ltr'>cum</span> <span class='ocrx_word' id='word_1_13' title='bbox 1619 959 1789 1026; x_wconf 87' lang='lat' dir='ltr'>nunquam</span> <span class='ocrx_word' id='word_1_14' title='bbox 1812 939 1883 1005; x_wconf 86' lang='lat' dir='ltr'>sere</span> 
     </span>
     <span class='ocr_line' id='line_1_4' title="bbox 478 1052 1881 1144; baseline -0.002 -24"><span class='ocrx_word' id='word_1_15' title='bbox 478 1053 530 1142; x_wconf 91' lang='lat' dir='ltr'>(ut</span> <span class='ocrx_word' id='word_1_16' title='bbox 552 1055 659 1144; x_wconf 80' lang='lat' dir='ltr'>aiunt)</span> <span class='ocrx_word' id='word_1_17' title='bbox 678 1066 824 1122; x_wconf 89' lang='lat' dir='ltr'>mutetur</span> <span class='ocrx_word' id='word_1_18' title='bbox 842 1058 963 1140; x_wconf 87' lang='lat' dir='ltr'>religio,</span> <span class='ocrx_word' id='word_1_19' title='bbox 980 1059 1059 1140; x_wconf 94' lang='lat' dir='ltr'>quin</span> <span class='ocrx_word' id='word_1_20' title='bbox 1078 1059 1286 1142; x_wconf 90' lang='lat' dir='ltr'>antiquorum</span> <span class='ocrx_word' id='word_1_21' title='bbox 1303 1055 1490 1140; x_wconf 86' lang='lat' dir='ltr'>Principum</span> <span class='ocrx_word' id='word_1_22' title='bbox 1508 1055 1645 1139; x_wconf 90' lang='lat' dir='ltr'>imperia</span> <span class='ocrx_word' id='word_1_23' title='bbox 1662 1052 1881 1118; x_wconf 84' lang='lat' dir='ltr'>excutiantur.</span> 
     </span>
     <span class='ocr_line' id='line_1_5' title="bbox 479 1165 1880 1252; baseline -0.002 -21"><span class='ocrx_word' id='word_1_24' title='bbox 479 1167 584 1231; x_wconf 91' lang='lat' dir='ltr'>nisisi</span> <span class='ocrx_word' id='word_1_25' title='bbox 604 1169 771 1252; x_wconf 87' lang='lat' dir='ltr'>Principes</span> <span class='ocrx_word' id='word_1_26' title='bbox 790 1168 851 1252; x_wconf 89' lang='lat' dir='ltr'>ipsi</span> <span class='ocrx_word' id='word_1_27' title='bbox 870 1178 1020 1233; x_wconf 86' lang='lat' dir='ltr'>auctores</span> <span class='ocrx_word' id='word_1_28' title='bbox 1038 1169 1159 1233; x_wconf 88' lang='lat' dir='ltr'>luerint</span> <span class='ocrx_word' id='word_1_29' title='bbox 1176 1189 1252 1233; x_wconf 92' lang='lat' dir='ltr'>cum</span> <span class='ocrx_word' id='word_1_30' title='bbox 1271 1168 1395 1252; x_wconf 90' lang='lat' dir='ltr'>populo</span> <span class='ocrx_word' id='word_1_31' title='bbox 1413 1188 1520 1231; x_wconf 91' lang='lat' dir='ltr'>nouae</span> <span class='ocrx_word' id='word_1_32' title='bbox 1537 1165 1710 1250; x_wconf 87' lang='lat' dir='ltr'>religionis,</span> <span class='ocrx_word' id='word_1_33' title='bbox 1726 1172 1760 1228; x_wconf 91' lang='lat' dir='ltr'>et</span> <span class='ocrx_word' id='word_1_34' title='bbox 1778 1165 1880 1228; x_wconf 87' lang='lat' dir='ltr'>duces</span> 
     </span>
     <span class='ocr_line' id='line_1_6' title="bbox 481 1275 1880 1362; baseline -0.004 -20"><span class='ocrx_word' id='word_1_35' title='bbox 481 1278 681 1346; x_wconf 86' lang='lat' dir='ltr'>mutationis.</span> <span class='ocrx_word' id='word_1_36' title='bbox 726 1279 772 1344; x_wconf 91' lang='lat' dir='ltr'>Et</span> <span class='ocrx_word' id='word_1_37' title='bbox 795 1280 929 1362; x_wconf 91' lang='lat' dir='ltr'>quidem</span> <span class='ocrx_word' id='word_1_38' title='bbox 952 1279 1007 1358; x_wconf 90' lang='lat' dir='ltr'>sic,</span> <span class='ocrx_word' id='word_1_39' title='bbox 1031 1288 1067 1344; x_wconf 87' lang='lat' dir='ltr'>ut</span> <span class='ocrx_word' id='word_1_40' title='bbox 1089 1280 1189 1358; x_wconf 89' lang='lat' dir='ltr'>aiunt,</span> <span class='ocrx_word' id='word_1_41' title='bbox 1212 1299 1263 1343; x_wconf 90' lang='lat' dir='ltr'>res</span> <span class='ocrx_word' id='word_1_42' title='bbox 1285 1300 1357 1344; x_wconf 89' lang='lat' dir='ltr'>esse</span> <span class='ocrx_word' id='word_1_43' title='bbox 1381 1279 1519 1356; x_wconf 91' lang='lat' dir='ltr'>uidetur,</span> <span class='ocrx_word' id='word_1_44' title='bbox 1541 1297 1666 1361; x_wconf 88' lang='lat' dir='ltr'>perque</span> <span class='ocrx_word' id='word_1_45' title='bbox 1688 1275 1880 1358; x_wconf 76' lang='lat' dir='ltr'>magistram</span> 
     </span>
     <span class='ocr_line' id='line_1_7' title="bbox 479 1385 1882 1473; baseline -0.001 -21"><span class='ocrx_word' id='word_1_46' title='bbox 479 1389 729 1472; x_wconf 89' lang='lat' dir='ltr'>experientiam.</span> <span class='ocrx_word' id='word_1_47' title='bbox 777 1390 873 1464; x_wconf 91' lang='lat' dir='ltr'>Ecce,</span> <span class='ocrx_word' id='word_1_48' title='bbox 904 1390 950 1454; x_wconf 92' lang='lat' dir='ltr'>ait</span> <span class='ocrx_word' id='word_1_49' title='bbox 980 1390 1167 1473; x_wconf 88' lang='lat' dir='ltr'>Procopius,</span> <span class='ocrx_word' id='word_1_50' title='bbox 1197 1389 1392 1455; x_wconf 91' lang='lat' dir='ltr'>‘Christiani</span> <span class='ocrx_word' id='word_1_51' title='bbox 1422 1388 1530 1454; x_wconf 87' lang='lat' dir='ltr'>solent</span> <span class='ocrx_word' id='word_1_52' title='bbox 1560 1389 1602 1453; x_wconf 93' lang='lat' dir='ltr'>de</span> <span class='ocrx_word' id='word_1_53' title='bbox 1632 1385 1698 1452; x_wconf 88' lang='lat' dir='ltr'>fide</span> <span class='ocrx_word' id='word_1_54' title='bbox 1727 1386 1882 1452; x_wconf 87' lang='lat' dir='ltr'>solertius</span> 
     </span>
     <span class='ocr_line' id='line_1_8' title="bbox 479 1497 1881 1583; baseline -0.001 -19"><span class='ocrx_word' id='word_1_55' title='bbox 479 1501 727 1583; x_wconf 75' lang='lat' dir='ltr'>‘disceptandq</span> <span class='ocrx_word' id='word_1_56' title='bbox 758 1501 844 1566; x_wconf 90' lang='lat' dir='ltr'>inter</span> <span class='ocrx_word' id='word_1_57' title='bbox 874 1522 910 1566; x_wconf 90' lang='lat' dir='ltr'>se</span> <span class='ocrx_word' id='word_1_58' title='bbox 939 1501 1097 1581; x_wconf 85' lang='lat' dir='ltr'>altercari,</span> <span class='ocrx_word' id='word_1_59' title='bbox 1129 1510 1162 1566; x_wconf 91' lang='lat' dir='ltr'>et</span> <span class='ocrx_word' id='word_1_60' title='bbox 1192 1502 1369 1567; x_wconf 88' lang='lat' dir='ltr'>seditiones</span> <span class='ocrx_word' id='word_1_61' title='bbox 1400 1497 1573 1565; x_wconf 80' lang='lat' dir='ltr'>mouere².’</span> <span class='ocrx_word' id='word_1_62' title='bbox 1610 1499 1699 1565; x_wconf 89' lang='lat' dir='ltr'>Ecce</span> <span class='ocrx_word' id='word_1_63' title='bbox 1727 1499 1774 1564; x_wconf 93' lang='lat' dir='ltr'>sic</span> <span class='ocrx_word' id='word_1_64' title='bbox 1803 1517 1881 1582; x_wconf 88' lang='lat' dir='ltr'>pro-</span> 
     </span>
     <span class='ocr_line' id='line_1_9' title="bbox 479 1609 1879 1696; baseline -0.001 -20"><span class='ocrx_word' id='word_1_65' title='bbox 479 1612 632 1676; x_wconf 89' lang='lat' dir='ltr'>hibentur</span> <span class='ocrx_word' id='word_1_66' title='bbox 647 1633 762 1677; x_wconf 90' lang='lat' dir='ltr'>seuere</span> <span class='ocrx_word' id='word_1_67' title='bbox 780 1613 908 1696; x_wconf 91' lang='lat' dir='ltr'>legibus</span> <span class='ocrx_word' id='word_1_68' title='bbox 923 1613 1006 1678; x_wconf 87' lang='lat' dir='ltr'>istae</span> <span class='ocrx_word' id='word_1_69' title='bbox 1023 1613 1279 1696; x_wconf 87' lang='lat' dir='ltr'>disceptationes</span> <span class='ocrx_word' id='word_1_70' title='bbox 1289 1613 1313 1678; x_wconf 83' lang='lat'>³.</span> <span class='ocrx_word' id='word_1_71' title='bbox 1358 1613 1405 1677; x_wconf 93' lang='lat' dir='ltr'>Et</span> <span class='ocrx_word' id='word_1_72' title='bbox 1420 1613 1513 1678; x_wconf 89' lang='lat' dir='ltr'>addit</span> <span class='ocrx_word' id='word_1_73' title='bbox 1531 1610 1582 1676; x_wconf 90' lang='lat' dir='ltr'>his</span> <span class='ocrx_word' id='word_1_74' title='bbox 1600 1611 1773 1676; x_wconf 91' lang='lat' dir='ltr'>historicus</span> <span class='ocrx_word' id='word_1_75' title='bbox 1787 1609 1879 1688; x_wconf 91' lang='lat' dir='ltr'>alius,</span> 
     </span>
     <span class='ocr_line' id='line_1_10' title="bbox 480 1721 1880 1808; baseline -0.001 -20"><span class='ocrx_word' id='word_1_76' title='bbox 480 1722 542 1788; x_wconf 87' lang='lat' dir='ltr'>‘Si</span> <span class='ocrx_word' id='word_1_77' title='bbox 564 1725 699 1808; x_wconf 91' lang='lat' dir='ltr'>quando</span> <span class='ocrx_word' id='word_1_78' title='bbox 721 1725 764 1788; x_wconf 92' lang='lat' dir='ltr'>de</span> <span class='ocrx_word' id='word_1_79' title='bbox 784 1723 850 1788; x_wconf 88' lang='lat' dir='ltr'>fide</span> <span class='ocrx_word' id='word_1_80' title='bbox 872 1725 1019 1789; x_wconf 91' lang='lat' dir='ltr'>oboritur</span> <span class='ocrx_word' id='word_1_81' title='bbox 1040 1726 1270 1803; x_wconf 89' lang='lat' dir='ltr'>controuersia,</span> <span class='ocrx_word' id='word_1_82' title='bbox 1290 1746 1356 1789; x_wconf 95' lang='lat' dir='ltr'>non</span> <span class='ocrx_word' id='word_1_83' title='bbox 1379 1725 1479 1789; x_wconf 94' lang='lat' dir='ltr'>modo</span> <span class='ocrx_word' id='word_1_84' title='bbox 1501 1731 1654 1807; x_wconf 89' lang='lat' dir='ltr'>parentes</span> <span class='ocrx_word' id='word_1_85' title='bbox 1671 1740 1693 1786; x_wconf 91' lang='lat' dir='ltr'>a</span> <span class='ocrx_word' id='word_1_86' title='bbox 1709 1721 1827 1801; x_wconf 87' lang='lat' dir='ltr'>liberis,</span> <span class='ocrx_word' id='word_1_87' title='bbox 1845 1731 1880 1786; x_wconf 89' lang='lat' dir='ltr'>et</span> 
     </span>
     <span class='ocr_line' id='line_1_11' title="bbox 480 1832 1879 1917; baseline -0.002 -18"><span class='ocrx_word' id='word_1_88' title='bbox 480 1837 627 1914; x_wconf 72' lang='lat' dir='ltr'>‘contra</span> <span class='ocrx_word' id='word_1_89' title='bbox 645 1836 703 1900; x_wconf 90' lang='lat' dir='ltr'>sed</span> <span class='ocrx_word' id='word_1_90' title='bbox 723 1836 823 1899; x_wconf 91' lang='lat' dir='ltr'>etiam</span> <span class='ocrx_word' id='word_1_91' title='bbox 841 1835 987 1900; x_wconf 86' lang='lat' dir='ltr'>coniunx</span> <span class='ocrx_word' id='word_1_92' title='bbox 1008 1856 1028 1899; x_wconf 91' lang='lat' dir='ltr'>a</span> <span class='ocrx_word' id='word_1_93' title='bbox 1050 1835 1168 1900; x_wconf 93' lang='lat' dir='ltr'>marito</span> <span class='ocrx_word' id='word_1_94' title='bbox 1186 1857 1255 1912; x_wconf 92' lang='lat' dir='ltr'>suo,</span> <span class='ocrx_word' id='word_1_95' title='bbox 1279 1845 1313 1901; x_wconf 88' lang='lat' dir='ltr'>et</span> <span class='ocrx_word' id='word_1_96' title='bbox 1335 1836 1385 1900; x_wconf 92' lang='lat' dir='ltr'>uir</span> <span class='ocrx_word' id='word_1_97' title='bbox 1405 1857 1425 1900; x_wconf 91' lang='lat' dir='ltr'>a</span> <span class='ocrx_word' id='word_1_98' title='bbox 1447 1835 1586 1916; x_wconf 89' lang='lat' dir='ltr'>coniuge</span> <span class='ocrx_word' id='word_1_99' title='bbox 1607 1853 1667 1917; x_wconf 91' lang='lat' dir='ltr'>per</span> <span class='ocrx_word' id='word_1_100' title='bbox 1684 1832 1879 1898; x_wconf 88' lang='lat' dir='ltr'>seditionem</span> 
     </span>
    </p>
   </div>
   <div class='ocr_carea' id='block_1_4' title="bbox 480 1941 1971 2027">
    <p class='ocr_par' dir='ltr' id='par_1_4' title="bbox 480 1941 1971 2027">
     <span class='ocr_line' id='line_1_12' title="bbox 480 1941 1971 2027; baseline -0.002 -17"><span class='ocrx_word' id='word_1_101' title='bbox 480 1946 656 2010; x_wconf 92' lang='lat' dir='ltr'>‘dissentit</span> <span class='ocrx_word' id='word_1_102' title='bbox 666 1941 699 2012; x_wconf 83' lang='lat'>⁴.’</span> <span class='ocrx_word' id='word_1_103' title='bbox 745 1946 786 2021; x_wconf 89' lang='lat' dir='ltr'>is,</span> <span class='ocrx_word' id='word_1_104' title='bbox 810 1947 843 2010; x_wconf 94' lang='lat' dir='ltr'>id</span> <span class='ocrx_word' id='word_1_105' title='bbox 867 1966 933 2010; x_wconf 94' lang='lat' dir='ltr'>non</span> <span class='ocrx_word' id='word_1_106' title='bbox 956 1948 1104 2011; x_wconf 91' lang='lat' dir='ltr'>euenisse</span> <span class='ocrx_word' id='word_1_107' title='bbox 1128 1947 1162 2010; x_wconf 93' lang='lat' dir='ltr'>in</span> <span class='ocrx_word' id='word_1_108' title='bbox 1184 1947 1366 2011; x_wconf 90' lang='lat' dir='ltr'>Iustiniano</span> <span class='ocrx_word' id='word_1_109' title='bbox 1390 1955 1511 2024; x_wconf 91' lang='lat' dir='ltr'>nostro,</span> <span class='ocrx_word' id='word_1_110' title='bbox 1533 1954 1568 2010; x_wconf 90' lang='lat' dir='ltr'>et</span> <span class='ocrx_word' id='word_1_111' title='bbox 1590 1945 1623 2008; x_wconf 92' lang='lat' dir='ltr'>in</span> <span class='ocrx_word' id='word_1_112' title='bbox 1646 1943 1788 2027; x_wconf 86' lang='lat' dir='ltr'>coniuge</span> <span class='ocrx_word' id='word_1_113' title='bbox 1811 1943 1880 2008; x_wconf 90' lang='lat' dir='ltr'>eius</span> <span class='ocrx_word' id='word_1_114' title='bbox 1967 1949 1971 1958; x_wconf 88' lang='lat'>&#39;</span> 
     </span>
    </p>
   </div>
   <div class='ocr_carea' id='block_1_5' title="bbox 481 2053 1881 4144">
    <p class='ocr_par' dir='ltr' id='par_1_5' title="bbox 481 2053 1881 3808">
     <span class='ocr_line' id='line_1_13' title="bbox 482 2053 1879 2139; baseline 0 -21"><span class='ocrx_word' id='word_1_115' title='bbox 482 2054 670 2132; x_wconf 91' lang='lat' dir='ltr'>Theodora,</span> <span class='ocrx_word' id='word_1_116' title='bbox 687 2055 832 2133; x_wconf 88' lang='lat' dir='ltr'>miratur,</span> <span class='ocrx_word' id='word_1_117' title='bbox 855 2057 1074 2122; x_wconf 90' lang='lat' dir='ltr'>sentientibus</span> <span class='ocrx_word' id='word_1_118' title='bbox 1094 2059 1242 2122; x_wconf 86' lang='lat' dir='ltr'>diuersa:</span> <span class='ocrx_word' id='word_1_119' title='bbox 1277 2057 1329 2121; x_wconf 90' lang='lat' dir='ltr'>uel</span> <span class='ocrx_word' id='word_1_120' title='bbox 1353 2057 1457 2121; x_wconf 91' lang='lat' dir='ltr'>credit</span> <span class='ocrx_word' id='word_1_121' title='bbox 1477 2077 1521 2120; x_wconf 90' lang='lat' dir='ltr'>ex</span> <span class='ocrx_word' id='word_1_122' title='bbox 1544 2065 1718 2139; x_wconf 89' lang='lat' dir='ltr'>compacto</span> <span class='ocrx_word' id='word_1_123' title='bbox 1740 2055 1787 2120; x_wconf 93' lang='lat' dir='ltr'>sic</span> <span class='ocrx_word' id='word_1_124' title='bbox 1805 2053 1879 2120; x_wconf 92' lang='lat' dir='ltr'>illos</span> 
     </span>
     <span class='ocr_line' id='line_1_14' title="bbox 481 2165 1879 2251; baseline 0 -22"><span class='ocrx_word' id='word_1_125' title='bbox 481 2167 597 2250; x_wconf 84' lang='lat' dir='ltr'>egisse</span> <span class='ocrx_word' id='word_1_126' title='bbox 634 2175 671 2232; x_wconf 92' lang='lat' dir='ltr'>ut</span> <span class='ocrx_word' id='word_1_127' title='bbox 693 2169 726 2232; x_wconf 93' lang='lat' dir='ltr'>in</span> <span class='ocrx_word' id='word_1_128' title='bbox 749 2168 911 2251; x_wconf 89' lang='lat' dir='ltr'>rebusque</span> <span class='ocrx_word' id='word_1_129' title='bbox 932 2167 1004 2232; x_wconf 90' lang='lat' dir='ltr'>aliis</span> <span class='ocrx_word' id='word_1_130' title='bbox 1022 2169 1105 2232; x_wconf 93' lang='lat' dir='ltr'>alios</span> <span class='ocrx_word' id='word_1_131' title='bbox 1124 2169 1238 2251; x_wconf 90' lang='lat' dir='ltr'>egisse,</span> <span class='ocrx_word' id='word_1_132' title='bbox 1262 2167 1433 2232; x_wconf 87' lang='lat' dir='ltr'>simulasse</span> <span class='ocrx_word' id='word_1_133' title='bbox 1451 2167 1497 2232; x_wconf 93' lang='lat' dir='ltr'>sic</span> <span class='ocrx_word' id='word_1_134' title='bbox 1514 2166 1721 2244; x_wconf 88' lang='lat' dir='ltr'>discordiam,</span> <span class='ocrx_word' id='word_1_135' title='bbox 1738 2165 1879 2230; x_wconf 90' lang='lat' dir='ltr'>scimus:</span> 
     </span>
     <span class='ocr_line' id='line_1_15' title="bbox 482 2277 1881 2360; baseline 0.001 -20"><span class='ocrx_word' id='word_1_136' title='bbox 482 2279 539 2360; x_wconf 93' lang='lat' dir='ltr'>qui</span> <span class='ocrx_word' id='word_1_137' title='bbox 569 2278 638 2342; x_wconf 92' lang='lat' dir='ltr'>imo</span> <span class='ocrx_word' id='word_1_138' title='bbox 667 2279 853 2358; x_wconf 89' lang='lat' dir='ltr'>concordes,</span> <span class='ocrx_word' id='word_1_139' title='bbox 883 2288 917 2344; x_wconf 87' lang='lat' dir='ltr'>et</span> <span class='ocrx_word' id='word_1_140' title='bbox 947 2280 1203 2344; x_wconf 90' lang='lat' dir='ltr'>coniunctissimi</span> <span class='ocrx_word' id='word_1_141' title='bbox 1234 2287 1336 2344; x_wconf 88' lang='lat' dir='ltr'>erant.</span> <span class='ocrx_word' id='word_1_142' title='bbox 1381 2279 1450 2344; x_wconf 89' lang='lat' dir='ltr'>Sed</span> <span class='ocrx_word' id='word_1_143' title='bbox 1479 2277 1561 2343; x_wconf 89' lang='lat' dir='ltr'>haec</span> <span class='ocrx_word' id='word_1_144' title='bbox 1591 2277 1725 2342; x_wconf 79' lang='lat' dir='ltr'>forsitan</span> <span class='ocrx_word' id='word_1_145' title='bbox 1750 2277 1881 2342; x_wconf 87' lang='lat' dir='ltr'>rariora.</span> 
     </span>
     <span class='ocr_line' id='line_1_16' title="bbox 483 2388 1880 2474; baseline -0.003 -19"><span class='ocrx_word' id='word_1_146' title='bbox 483 2389 746 2470; x_wconf 89' lang='lat' dir='ltr'>Ualentinianus,</span> <span class='ocrx_word' id='word_1_147' title='bbox 771 2400 830 2456; x_wconf 91' lang='lat' dir='ltr'>aut</span> <span class='ocrx_word' id='word_1_148' title='bbox 860 2389 1045 2470; x_wconf 89' lang='lat' dir='ltr'>Gratianus,</span> <span class='ocrx_word' id='word_1_149' title='bbox 1069 2399 1208 2474; x_wconf 90' lang='lat' dir='ltr'>uterque</span> <span class='ocrx_word' id='word_1_150' title='bbox 1233 2390 1387 2456; x_wconf 91' lang='lat' dir='ltr'>laudatus</span> <span class='ocrx_word' id='word_1_151' title='bbox 1413 2390 1578 2472; x_wconf 89' lang='lat' dir='ltr'>Princeps,</span> <span class='ocrx_word' id='word_1_152' title='bbox 1608 2399 1709 2472; x_wconf 88' lang='lat' dir='ltr'>negat</span> <span class='ocrx_word' id='word_1_153' title='bbox 1734 2388 1880 2468; x_wconf 84' lang='lat' dir='ltr'>Ualenti,</span> 
     </span>
     <span class='ocr_line' id='line_1_17' title="bbox 482 2500 1879 2584; baseline -0.003 -17"><span class='ocrx_word' id='word_1_154' title='bbox 482 2509 578 2567; x_wconf 88' lang='lat' dir='ltr'>tanta</span> <span class='ocrx_word' id='word_1_155' title='bbox 610 2501 778 2584; x_wconf 87' lang='lat' dir='ltr'>sanguinis</span> <span class='ocrx_word' id='word_1_156' title='bbox 811 2501 1054 2567; x_wconf 90' lang='lat' dir='ltr'>necessitudine</span> <span class='ocrx_word' id='word_1_157' title='bbox 1087 2503 1272 2582; x_wconf 91' lang='lat' dir='ltr'>coniunct0,</span> <span class='ocrx_word' id='word_1_158' title='bbox 1302 2501 1435 2580; x_wconf 89' lang='lat' dir='ltr'>auxilia,</span> <span class='ocrx_word' id='word_1_159' title='bbox 1464 2501 1508 2566; x_wconf 94' lang='lat' dir='ltr'>ob</span> <span class='ocrx_word' id='word_1_160' title='bbox 1537 2500 1622 2567; x_wconf 89' lang='lat' dir='ltr'>hanc</span> <span class='ocrx_word' id='word_1_161' title='bbox 1654 2501 1879 2566; x_wconf 89' lang='lat' dir='ltr'>diuersitatem</span> 
     </span>
     <span class='ocr_line' id='line_1_18' title="bbox 483 2611 1880 2697; baseline -0.002 -20"><span class='ocrx_word' id='word_1_162' title='bbox 483 2612 693 2696; x_wconf 75' lang='lat' dir='ltr'>religionis⁶r</span> <span class='ocrx_word' id='word_1_163' title='bbox 723 2622 757 2678; x_wconf 91' lang='lat' dir='ltr'>et</span> <span class='ocrx_word' id='word_1_164' title='bbox 778 2613 908 2692; x_wconf 87' lang='lat' dir='ltr'>adiecit,</span> <span class='ocrx_word' id='word_1_165' title='bbox 923 2633 989 2677; x_wconf 91' lang='lat' dir='ltr'>non</span> <span class='ocrx_word' id='word_1_166' title='bbox 1012 2633 1085 2678; x_wconf 89' lang='lat' dir='ltr'>esse</span> <span class='ocrx_word' id='word_1_167' title='bbox 1104 2633 1256 2696; x_wconf 88' lang='lat' dir='ltr'>aequum,</span> <span class='ocrx_word' id='word_1_168' title='bbox 1271 2623 1330 2680; x_wconf 90' lang='lat' dir='ltr'>aut</span> <span class='ocrx_word' id='word_1_169' title='bbox 1343 2614 1444 2697; x_wconf 90' lang='lat' dir='ltr'>pium,</span> <span class='ocrx_word' id='word_1_170' title='bbox 1461 2612 1564 2696; x_wconf 90' lang='lat' dir='ltr'>impio</span> <span class='ocrx_word' id='word_1_171' title='bbox 1578 2611 1741 2689; x_wconf 89' lang='lat' dir='ltr'>auxiliari,</span> <span class='ocrx_word' id='word_1_172' title='bbox 1756 2621 1790 2676; x_wconf 91' lang='lat' dir='ltr'>et</span> <span class='ocrx_word' id='word_1_173' title='bbox 1805 2631 1880 2677; x_wconf 90' lang='lat' dir='ltr'>cum</span> 
     </span>
     <span class='ocr_line' id='line_1_19' title="bbox 484 2721 1881 2807; baseline -0.001 -19"><span class='ocrx_word' id='word_1_174' title='bbox 484 2723 549 2789; x_wconf 92' lang='lat' dir='ltr'>Dei</span> <span class='ocrx_word' id='word_1_175' title='bbox 575 2722 679 2804; x_wconf 90' lang='lat' dir='ltr'>hoste,</span> <span class='ocrx_word' id='word_1_176' title='bbox 700 2721 845 2790; x_wconf 86' lang='lat' dir='ltr'>Arriano</span> <span class='ocrx_word' id='word_1_177' title='bbox 867 2725 1061 2788; x_wconf 91' lang='lat' dir='ltr'>societatem</span> <span class='ocrx_word' id='word_1_178' title='bbox 1083 2724 1175 2788; x_wconf 86' lang='lat' dir='ltr'>inire.</span> <span class='ocrx_word' id='word_1_179' title='bbox 1220 2725 1278 2794; x_wconf 81' lang='lat' dir='ltr'>Et,</span> <span class='ocrx_word' id='word_1_180' title='bbox 1291 2724 1492 2790; x_wconf 91' lang='lat' dir='ltr'>Iustinianus</span> <span class='ocrx_word' id='word_1_181' title='bbox 1514 2723 1560 2788; x_wconf 91' lang='lat' dir='ltr'>sic</span> <span class='ocrx_word' id='word_1_182' title='bbox 1582 2744 1714 2807; x_wconf 90' lang='lat' dir='ltr'>quoque</span> <span class='ocrx_word' id='word_1_183' title='bbox 1736 2723 1881 2788; x_wconf 89' lang='lat' dir='ltr'>Francos</span> 
     </span>
     <span class='ocr_line' id='line_1_20' title="bbox 482 2835 1881 2918; baseline -0.001 -19"><span class='ocrx_word' id='word_1_184' title='bbox 482 2842 596 2900; x_wconf 90' lang='lat' dir='ltr'>mouet</span> <span class='ocrx_word' id='word_1_185' title='bbox 612 2855 672 2918; x_wconf 91' lang='lat' dir='ltr'>pro</span> <span class='ocrx_word' id='word_1_186' title='bbox 688 2857 724 2900; x_wconf 92' lang='lat' dir='ltr'>se</span> <span class='ocrx_word' id='word_1_187' title='bbox 738 2845 852 2899; x_wconf 89' lang='lat' dir='ltr'>contra</span> <span class='ocrx_word' id='word_1_188' title='bbox 868 2835 1018 2913; x_wconf 85' lang='lat' dir='ltr'>Goth0s3</span> <span class='ocrx_word' id='word_1_189' title='bbox 1040 2837 1132 2916; x_wconf 91' lang='lat' dir='ltr'>quod</span> <span class='ocrx_word' id='word_1_190' title='bbox 1147 2835 1202 2900; x_wconf 91' lang='lat' dir='ltr'>isti</span> <span class='ocrx_word' id='word_1_191' title='bbox 1217 2835 1334 2900; x_wconf 91' lang='lat' dir='ltr'>itidem</span> <span class='ocrx_word' id='word_1_192' title='bbox 1349 2835 1482 2899; x_wconf 89' lang='lat' dir='ltr'>Arriani</span> <span class='ocrx_word' id='word_1_193' title='bbox 1499 2845 1608 2900; x_wconf 87' lang='lat' dir='ltr'>essent</span> <span class='ocrx_word' id='word_1_194' title='bbox 1617 2835 1639 2902; x_wconf 82' lang='lat'>⁶.</span> <span class='ocrx_word' id='word_1_195' title='bbox 1684 2835 1730 2900; x_wconf 91' lang='lat' dir='ltr'>Et</span> <span class='ocrx_word' id='word_1_196' title='bbox 1746 2835 1881 2918; x_wconf 88' lang='lat' dir='ltr'>Longo·</span> 
     </span>
     <span class='ocr_line' id='line_1_21' title="bbox 484 2944 1881 3030; baseline 0.001 -21"><span class='ocrx_word' id='word_1_197' title='bbox 484 2944 579 3010; x_wconf 89' lang='lat' dir='ltr'>bardi</span> <span class='ocrx_word' id='word_1_198' title='bbox 601 2945 701 3029; x_wconf 86' lang='lat' dir='ltr'>legati</span> <span class='ocrx_word' id='word_1_199' title='bbox 724 2947 814 3010; x_wconf 91' lang='lat' dir='ltr'>idem</span> <span class='ocrx_word' id='word_1_200' title='bbox 836 2967 856 3010; x_wconf 94' lang='lat' dir='ltr'>a</span> <span class='ocrx_word' id='word_1_201' title='bbox 880 2946 1064 3012; x_wconf 89' lang='lat' dir='ltr'>Iustiniano</span> <span class='ocrx_word' id='word_1_202' title='bbox 1082 2945 1296 3022; x_wconf 91' lang='lat' dir='ltr'>contendunt,</span> <span class='ocrx_word' id='word_1_203' title='bbox 1313 2955 1350 3010; x_wconf 91' lang='lat' dir='ltr'>ut</span> <span class='ocrx_word' id='word_1_204' title='bbox 1369 2947 1448 3030; x_wconf 91' lang='lat' dir='ltr'>ipsis</span> <span class='ocrx_word' id='word_1_205' title='bbox 1465 2947 1493 3010; x_wconf 93' lang='lat' dir='ltr'>is</span> <span class='ocrx_word' id='word_1_206' title='bbox 1510 2947 1644 3024; x_wconf 87' lang='lat' dir='ltr'>faueret,</span> <span class='ocrx_word' id='word_1_207' title='bbox 1661 2967 1727 3010; x_wconf 93' lang='lat' dir='ltr'>non</span> <span class='ocrx_word' id='word_1_208' title='bbox 1742 2945 1881 3029; x_wconf 88' lang='lat' dir='ltr'>Gepidis</span> 
     </span>
     <span class='ocr_line' id='line_1_22' title="bbox 481 3055 1879 3140; baseline 0.001 -20"><span class='ocrx_word' id='word_1_209' title='bbox 481 3055 643 3122; x_wconf 88' lang='lat' dir='ltr'>Arrianis.</span> <span class='ocrx_word' id='word_1_210' title='bbox 675 3057 722 3122; x_wconf 92' lang='lat' dir='ltr'>Et</span> <span class='ocrx_word' id='word_1_211' title='bbox 737 3057 780 3121; x_wconf 88' lang='lat' dir='ltr'>ad</span> <span class='ocrx_word' id='word_1_212' title='bbox 796 3057 919 3132; x_wconf 89' lang='lat' dir='ltr'>Persas,</span> <span class='ocrx_word' id='word_1_213' title='bbox 935 3057 1069 3122; x_wconf 89' lang='lat' dir='ltr'>alterius</span> <span class='ocrx_word' id='word_1_214' title='bbox 1084 3056 1250 3140; x_wconf 88' lang='lat' dir='ltr'>religionis</span> <span class='ocrx_word' id='word_1_215' title='bbox 1265 3058 1361 3138; x_wconf 91' lang='lat' dir='ltr'>uiros,</span> <span class='ocrx_word' id='word_1_216' title='bbox 1378 3079 1398 3122; x_wconf 92' lang='lat' dir='ltr'>a</span> <span class='ocrx_word' id='word_1_217' title='bbox 1414 3058 1599 3124; x_wconf 89' lang='lat' dir='ltr'>Iustiniano</span> <span class='ocrx_word' id='word_1_218' title='bbox 1613 3078 1680 3122; x_wconf 94' lang='lat' dir='ltr'>non</span> <span class='ocrx_word' id='word_1_219' title='bbox 1696 3058 1879 3122; x_wconf 89' lang='lat' dir='ltr'>desciscen-</span> 
     </span>
     <span class='ocr_line' id='line_1_23' title="bbox 484 3167 1881 3251; baseline 0 -19"><span class='ocrx_word' id='word_1_220' title='bbox 484 3168 574 3246; x_wconf 89' lang='lat' dir='ltr'>dum,</span> <span class='ocrx_word' id='word_1_221' title='bbox 593 3167 656 3232; x_wconf 88' lang='lat' dir='ltr'>hac</span> <span class='ocrx_word' id='word_1_222' title='bbox 679 3167 888 3251; x_wconf 91' lang='lat' dir='ltr'>potissimum</span> <span class='ocrx_word' id='word_1_223' title='bbox 913 3168 1049 3247; x_wconf 89' lang='lat' dir='ltr'>ratione,</span> <span class='ocrx_word' id='word_1_224' title='bbox 1072 3170 1162 3250; x_wconf 91' lang='lat' dir='ltr'>quod</span> <span class='ocrx_word' id='word_1_225' title='bbox 1184 3169 1241 3250; x_wconf 94' lang='lat' dir='ltr'>qui</span> <span class='ocrx_word' id='word_1_226' title='bbox 1264 3169 1354 3233; x_wconf 88' lang='lat' dir='ltr'>uaria</span> <span class='ocrx_word' id='word_1_227' title='bbox 1377 3170 1531 3246; x_wconf 89' lang='lat' dir='ltr'>sentiunt,</span> <span class='ocrx_word' id='word_1_228' title='bbox 1553 3169 1674 3234; x_wconf 88' lang='lat' dir='ltr'>uersari</span> <span class='ocrx_word' id='word_1_229' title='bbox 1694 3169 1792 3235; x_wconf 92' lang='lat' dir='ltr'>simul</span> <span class='ocrx_word' id='word_1_230' title='bbox 1814 3189 1881 3233; x_wconf 93' lang='lat' dir='ltr'>non</span> 
     </span>
     <span class='ocr_line' id='line_1_24' title="bbox 482 3278 1881 3364; baseline 0.003 -22"><span class='ocrx_word' id='word_1_231' title='bbox 482 3287 629 3363; x_wconf 90' lang='lat' dir='ltr'>possunt,</span> <span class='ocrx_word' id='word_1_232' title='bbox 656 3278 799 3344; x_wconf 88' lang='lat' dir='ltr'>Colchus</span> <span class='ocrx_word' id='word_1_233' title='bbox 829 3279 879 3344; x_wconf 89' lang='lat' dir='ltr'>uir</span> <span class='ocrx_word' id='word_1_234' title='bbox 903 3279 1056 3362; x_wconf 90' lang='lat' dir='ltr'>princeps</span> <span class='ocrx_word' id='word_1_235' title='bbox 1086 3281 1222 3358; x_wconf 92' lang='lat' dir='ltr'>monuit,</span> <span class='ocrx_word' id='word_1_236' title='bbox 1250 3290 1283 3346; x_wconf 91' lang='lat' dir='ltr'>et</span> <span class='ocrx_word' id='word_1_237' title='bbox 1315 3281 1478 3364; x_wconf 89' lang='lat' dir='ltr'>persuasit</span> <span class='ocrx_word' id='word_1_238' title='bbox 1506 3281 1574 3346; x_wconf 91' lang='lat' dir='ltr'>suis</span> <span class='ocrx_word' id='word_1_239' title='bbox 1582 3281 1605 3346; x_wconf 83' lang='lat'>⁷.</span> <span class='ocrx_word' id='word_1_240' title='bbox 1646 3280 1764 3364; x_wconf 92' lang='lat' dir='ltr'>Atque</span> <span class='ocrx_word' id='word_1_241' title='bbox 1792 3280 1881 3346; x_wconf 88' lang='lat' dir='ltr'>dixit</span> 
     </span>
     <span class='ocr_line' id='line_1_25' title="bbox 483 3389 1880 3469; baseline 0.002 -16"><span class='ocrx_word' id='word_1_242' title='bbox 483 3389 682 3458; x_wconf 91' lang='lat' dir='ltr'>Iustinianus</span> <span class='ocrx_word' id='word_1_243' title='bbox 712 3389 909 3469; x_wconf 91' lang='lat' dir='ltr'>incredibile,</span> <span class='ocrx_word' id='word_1_244' title='bbox 940 3391 993 3455; x_wconf 91' lang='lat' dir='ltr'>uel</span> <span class='ocrx_word' id='word_1_245' title='bbox 1026 3391 1170 3457; x_wconf 91' lang='lat' dir='ltr'>uoluisse</span> <span class='ocrx_word' id='word_1_246' title='bbox 1198 3391 1271 3458; x_wconf 91' lang='lat' dir='ltr'>illos</span> <span class='ocrx_word' id='word_1_247' title='bbox 1301 3392 1440 3458; x_wconf 89' lang='lat' dir='ltr'>deficere</span> <span class='ocrx_word' id='word_1_248' title='bbox 1470 3394 1516 3457; x_wconf 91' lang='lat' dir='ltr'>ad</span> <span class='ocrx_word' id='word_1_249' title='bbox 1547 3392 1698 3456; x_wconf 92' lang='lat' dir='ltr'>homines</span> <span class='ocrx_word' id='word_1_250' title='bbox 1731 3392 1880 3457; x_wconf 89' lang='lat' dir='ltr'>diuersae</span> 
     </span>
     <span class='ocr_line' id='line_1_26' title="bbox 483 3501 1880 3588; baseline 0.002 -22"><span class='ocrx_word' id='word_1_251' title='bbox 483 3501 658 3585; x_wconf 88' lang='lat' dir='ltr'>religionis.</span> <span class='ocrx_word' id='word_1_252' title='bbox 702 3501 820 3585; x_wconf 89' lang='lat' dir='ltr'>Atque</span> <span class='ocrx_word' id='word_1_253' title='bbox 841 3501 923 3566; x_wconf 91' lang='lat' dir='ltr'>haec</span> <span class='ocrx_word' id='word_1_254' title='bbox 946 3502 1041 3585; x_wconf 86' lang='lat' dir='ltr'>plura</span> <span class='ocrx_word' id='word_1_255' title='bbox 1062 3512 1149 3568; x_wconf 90' lang='lat' dir='ltr'>sunt.</span> <span class='ocrx_word' id='word_1_256' title='bbox 1195 3503 1291 3588; x_wconf 87' lang='lat' dir='ltr'>Quae</span> <span class='ocrx_word' id='word_1_257' title='bbox 1309 3514 1387 3568; x_wconf 93' lang='lat' dir='ltr'>sunt</span> <span class='ocrx_word' id='word_1_258' title='bbox 1406 3505 1518 3568; x_wconf 92' lang='lat' dir='ltr'>omnia</span> <span class='ocrx_word' id='word_1_259' title='bbox 1536 3503 1569 3566; x_wconf 93' lang='lat' dir='ltr'>in</span> <span class='ocrx_word' id='word_1_260' title='bbox 1591 3524 1664 3568; x_wconf 90' lang='lat' dir='ltr'>eam</span> <span class='ocrx_word' id='word_1_261' title='bbox 1687 3513 1825 3587; x_wconf 90' lang='lat' dir='ltr'>partem,</span> <span class='ocrx_word' id='word_1_262' title='bbox 1842 3513 1880 3569; x_wconf 91' lang='lat' dir='ltr'>ut</span> 
     </span>
     <span class='ocr_line' id='line_1_27' title="bbox 483 3612 1880 3700; baseline 0.004 -25"><span class='ocrx_word' id='word_1_263' title='bbox 483 3612 587 3676; x_wconf 91' lang='lat' dir='ltr'>uideri</span> <span class='ocrx_word' id='word_1_264' title='bbox 616 3613 722 3696; x_wconf 87' lang='lat' dir='ltr'>possit</span> <span class='ocrx_word' id='word_1_265' title='bbox 752 3613 838 3678; x_wconf 85' lang='lat' dir='ltr'>iusta</span> <span class='ocrx_word' id='word_1_266' title='bbox 865 3613 1024 3696; x_wconf 90' lang='lat' dir='ltr'>Principis</span> <span class='ocrx_word' id='word_1_267' title='bbox 1050 3633 1150 3679; x_wconf 90' lang='lat' dir='ltr'>causa</span> <span class='ocrx_word' id='word_1_268' title='bbox 1172 3615 1229 3698; x_wconf 92' lang='lat' dir='ltr'>qui</span> <span class='ocrx_word' id='word_1_269' title='bbox 1256 3635 1356 3680; x_wconf 93' lang='lat' dir='ltr'>unam</span> <span class='ocrx_word' id='word_1_270' title='bbox 1381 3615 1572 3700; x_wconf 87' lang='lat' dir='ltr'>religionem</span> <span class='ocrx_word' id='word_1_271' title='bbox 1598 3615 1697 3682; x_wconf 90' lang='lat' dir='ltr'>uelit:</span> <span class='ocrx_word' id='word_1_272' title='bbox 1729 3616 1880 3700; x_wconf 87' lang='lat' dir='ltr'>adeoque</span> 
     </span>
     <span class='ocr_line' id='line_1_28' title="bbox 483 3722 1294 3808; baseline 0.006 -23"><span class='ocrx_word' id='word_1_273' title='bbox 483 3722 641 3787; x_wconf 80' lang='lat' dir='ltr'>defendat</span> <span class='ocrx_word' id='word_1_274' title='bbox 658 3723 758 3788; x_wconf 92' lang='lat' dir='ltr'>armis</span> <span class='ocrx_word' id='word_1_275' title='bbox 773 3733 807 3788; x_wconf 95' lang='lat' dir='ltr'>et</span> <span class='ocrx_word' id='word_1_276' title='bbox 824 3723 913 3788; x_wconf 92' lang='lat' dir='ltr'>bello</span> <span class='ocrx_word' id='word_1_277' title='bbox 931 3724 965 3788; x_wconf 93' lang='lat' dir='ltr'>in</span> <span class='ocrx_word' id='word_1_278' title='bbox 984 3746 1085 3808; x_wconf 88' lang='lat' dir='ltr'>regno</span> <span class='ocrx_word' id='word_1_279' title='bbox 1105 3747 1165 3790; x_wconf 93' lang='lat' dir='ltr'>suo</span> <span class='ocrx_word' id='word_1_280' title='bbox 1183 3745 1294 3790; x_wconf 89' lang='lat' dir='ltr'>unam.</span> 
     </span>
    </p>

    <p class='ocr_par' dir='ltr' id='par_1_6' title="bbox 483 3832 1880 4144">
     <span class='ocr_line' id='line_1_29' title="bbox 529 3832 1880 3917; baseline 0.002 -19"><span class='ocrx_word' id='word_1_281' title='bbox 529 3832 613 3898; x_wconf 92' lang='lat' dir='ltr'>Mihi</span> <span class='ocrx_word' id='word_1_282' title='bbox 623 3843 734 3900; x_wconf 91' lang='lat' dir='ltr'>tamen</span> <span class='ocrx_word' id='word_1_283' title='bbox 744 3833 853 3916; x_wconf 91' lang='lat' dir='ltr'>placet</span> <span class='ocrx_word' id='word_1_284' title='bbox 865 3836 1046 3917; x_wconf 91' lang='lat' dir='ltr'>disputatio</span> <span class='ocrx_word' id='word_1_285' title='bbox 1060 3836 1187 3916; x_wconf 91' lang='lat' dir='ltr'>Bodini,</span> <span class='ocrx_word' id='word_1_286' title='bbox 1197 3846 1234 3903; x_wconf 92' lang='lat' dir='ltr'>ut</span> <span class='ocrx_word' id='word_1_287' title='bbox 1246 3837 1279 3900; x_wconf 91' lang='lat' dir='ltr'>ui</span> <span class='ocrx_word' id='word_1_288' title='bbox 1291 3857 1357 3901; x_wconf 91' lang='lat' dir='ltr'>non</span> <span class='ocrx_word' id='word_1_289' title='bbox 1368 3837 1412 3903; x_wconf 92' lang='lat' dir='ltr'>sit</span> <span class='ocrx_word' id='word_1_290' title='bbox 1423 3839 1584 3903; x_wconf 91' lang='lat' dir='ltr'>utendum</span> <span class='ocrx_word' id='word_1_291' title='bbox 1596 3847 1711 3904; x_wconf 90' lang='lat' dir='ltr'>contra</span> <span class='ocrx_word' id='word_1_292' title='bbox 1721 3838 1880 3917; x_wconf 91' lang='lat' dir='ltr'>subditos,</span> 
     </span>
     <span class='ocr_line' id='line_1_30' title="bbox 485 3942 1880 4033; baseline 0.004 -27"><span class='ocrx_word' id='word_1_293' title='bbox 485 3942 542 4024; x_wconf 92' lang='lat' dir='ltr'>qui</span> <span class='ocrx_word' id='word_1_294' title='bbox 553 3943 652 4007; x_wconf 91' lang='lat' dir='ltr'>aliam</span> <span class='ocrx_word' id='word_1_295' title='bbox 667 3943 901 4027; x_wconf 87' lang='lat' dir='ltr'>amplexentur</span> <span class='ocrx_word' id='word_1_296' title='bbox 914 3945 1115 4028; x_wconf 86' lang='lat' dir='ltr'>religionem.</span> <span class='ocrx_word' id='word_1_297' title='bbox 1140 3946 1208 4011; x_wconf 92' lang='lat' dir='ltr'>Sed</span> <span class='ocrx_word' id='word_1_298' title='bbox 1224 3967 1355 4031; x_wconf 88' lang='lat' dir='ltr'>semper</span> <span class='ocrx_word' id='word_1_299' title='bbox 1369 3949 1430 4014; x_wconf 92' lang='lat' dir='ltr'>sub</span> <span class='ocrx_word' id='word_1_300' title='bbox 1445 3948 1508 4014; x_wconf 89' lang='lat' dir='ltr'>hac</span> <span class='ocrx_word' id='word_1_301' title='bbox 1523 3948 1720 4033; x_wconf 89' lang='lat' dir='ltr'>exceptione</span> <span class='ocrx_word' id='word_1_302' title='bbox 1735 3950 1782 4015; x_wconf 89' lang='lat' dir='ltr'>sic</span> <span class='ocrx_word' id='word_1_303' title='bbox 1796 3949 1880 4028; x_wconf 93' lang='lat' dir='ltr'>dico,</span> 
     </span>
     <span class='ocr_line' id='line_1_31' title="bbox 483 4053 1880 4144; baseline 0.001 -22"><span class='ocrx_word' id='word_1_304' title='bbox 483 4053 577 4122; x_wconf 83' lang='lat' dir='ltr'>‘Nisi</span> <span class='ocrx_word' id='word_1_305' title='bbox 602 4055 682 4136; x_wconf 90' lang='lat' dir='ltr'>quid</span> <span class='ocrx_word' id='word_1_306' title='bbox 713 4054 901 4120; x_wconf 87' lang='lat' dir='ltr'>detrimenti</span> <span class='ocrx_word' id='word_1_307' title='bbox 924 4055 1013 4120; x_wconf 92' lang='lat' dir='ltr'>illinc</span> <span class='ocrx_word' id='word_1_308' title='bbox 1036 4056 1220 4138; x_wconf 89' lang='lat' dir='ltr'>respublica</span> <span class='ocrx_word' id='word_1_309' title='bbox 1243 4056 1374 4142; x_wconf 63' lang='lat' dir='ltr'>capiat!</span> <span class='ocrx_word' id='word_1_310' title='bbox 1418 4058 1476 4125; x_wconf 88' lang='lat' dir='ltr'>Sic</span> <span class='ocrx_word' id='word_1_311' title='bbox 1499 4061 1673 4144; x_wconf 89' lang='lat' dir='ltr'>Augustus</span> <span class='ocrx_word' id='word_1_312' title='bbox 1695 4061 1880 4144; x_wconf 83' lang='lat' dir='ltr'>fouisseque</span> 
     </span>
    </p>
   </div>
   <div class='ocr_carea' id='block_1_6' title="bbox 552 4333 1815 4580">
    <p class='ocr_par' dir='ltr' id='par_1_7' title="bbox 552 4333 1815 4580">
     <span class='ocr_line' id='line_1_32' title="bbox 552 4333 1815 4411; baseline 0.008 -27"><span class='ocrx_word' id='word_1_313' title='bbox 552 4333 560 4364; x_wconf 81' lang='lat'><em>¹</em></span> <span class='ocrx_word' id='word_1_314' title='bbox 577 4333 625 4385; x_wconf 85' lang='lat' dir='ltr'>Na.</span> <span class='ocrx_word' id='word_1_315' title='bbox 637 4335 684 4387; x_wconf 91' lang='lat' dir='ltr'>Co.</span> <span class='ocrx_word' id='word_1_316' title='bbox 694 4335 738 4386; x_wconf 90' lang='lat' dir='ltr'>lib.</span> <span class='ocrx_word' id='word_1_317' title='bbox 753 4351 775 4386; x_wconf 84' lang='lat'>2.</span> <span class='ocrx_word' id='word_1_318' title='bbox 883 4335 894 4366; x_wconf 79' lang='lat'>⁵</span> <span class='ocrx_word' id='word_1_319' title='bbox 912 4339 1017 4404; x_wconf 88' lang='lat' dir='ltr'>Procop.</span> <span class='ocrx_word' id='word_1_320' title='bbox 1031 4353 1053 4402; x_wconf 78' lang='lat'>3.</span> <span class='ocrx_word' id='word_1_321' title='bbox 1066 4337 1143 4388; x_wconf 90' lang='lat' dir='ltr'>Goth.</span> <span class='ocrx_word' id='word_1_322' title='bbox 1253 4340 1262 4369; x_wconf 84' lang='lat'><strong>¹</strong></span> <span class='ocrx_word' id='word_1_323' title='bbox 1279 4339 1296 4389; x_wconf 93' lang='lat'>1.</span> <span class='ocrx_word' id='word_1_324' title='bbox 1309 4353 1332 4403; x_wconf 80' lang='lat'>3.</span> <span class='ocrx_word' id='word_1_325' title='bbox 1345 4341 1374 4391; x_wconf 89' lang='lat' dir='ltr'>C.</span> <span class='ocrx_word' id='word_1_326' title='bbox 1386 4355 1448 4391; x_wconf 88' lang='lat' dir='ltr'>sum.</span> <span class='ocrx_word' id='word_1_327' title='bbox 1461 4342 1517 4393; x_wconf 85' lang='lat' dir='ltr'>trin.</span> <span class='ocrx_word' id='word_1_328' title='bbox 1530 4344 1565 4407; x_wconf 91' lang='lat'>(1.</span> <span class='ocrx_word' id='word_1_329' title='bbox 1581 4343 1623 4406; x_wconf 84' lang='lat'>1);</span> <span class='ocrx_word' id='word_1_330' title='bbox 1642 4345 1696 4396; x_wconf 86' lang='lat' dir='ltr'>Ber.</span> <span class='ocrx_word' id='word_1_331' title='bbox 1707 4361 1747 4410; x_wconf 88' lang='lat' dir='ltr'>ep.</span> <span class='ocrx_word' id='word_1_332' title='bbox 1762 4359 1815 4411; x_wconf 76' lang='lat'>194</span> 
     </span>
     <span class='ocr_line' id='line_1_33' title="bbox 682 4418 1685 4493; baseline 0.011 -26"><span class='ocrx_word' id='word_1_333' title='bbox 682 4419 691 4449; x_wconf 83' lang='lat'><strong>⁴</strong></span> <span class='ocrx_word' id='word_1_334' title='bbox 708 4419 764 4469; x_wconf 86' lang='lat' dir='ltr'>Nic.</span> <span class='ocrx_word' id='word_1_335' title='bbox 778 4418 843 4470; x_wconf 81' lang='lat' dir='ltr'>Call.</span> <span class='ocrx_word' id='word_1_336' title='bbox 859 4429 895 4483; x_wconf 79' lang='lat'>17.</span> <span class='ocrx_word' id='word_1_337' title='bbox 907 4418 965 4470; x_wconf 89' lang='lat' dir='ltr'>hist.</span> <span class='ocrx_word' id='word_1_338' title='bbox 980 4431 1001 4484; x_wconf 81' lang='grc'>7.</span> <span class='ocrx_word' id='word_1_339' title='bbox 1235 4421 1245 4450; x_wconf 80' lang='lat'>⁵</span> <span class='ocrx_word' id='word_1_340' title='bbox 1260 4422 1334 4480; x_wconf 83' lang='lat' dir='ltr'>Zon.;</span> <span class='ocrx_word' id='word_1_341' title='bbox 1348 4423 1420 4474; x_wconf 85' lang='lat' dir='ltr'>Cedr.</span> <span class='ocrx_word' id='word_1_342' title='bbox 1430 4442 1436 4480; x_wconf 87' lang='lat'><strong>;</strong></span> <span class='ocrx_word' id='word_1_343' title='bbox 1448 4424 1513 4476; x_wconf 73' lang='lat' dir='ltr'>call.</span> <span class='ocrx_word' id='word_1_344' title='bbox 1527 4439 1565 4475; x_wconf 86' lang='lat'>11.</span> <span class='ocrx_word' id='word_1_345' title='bbox 1576 4425 1633 4478; x_wconf 82' lang='lat' dir='ltr'>hist</span> <span class='ocrx_word' id='word_1_346' title='bbox 1645 4443 1685 4493; x_wconf 81' lang='lat'>49.</span> 
     </span>
     <span class='ocr_line' id='line_1_34' title="bbox 712 4501 1654 4580; baseline 0.007 -28"><span class='ocrx_word' id='word_1_347' title='bbox 712 4501 722 4531; x_wconf 75' lang='lat'>⁸</span> <span class='ocrx_word' id='word_1_348' title='bbox 739 4501 810 4554; x_wconf 88' lang='lat' dir='ltr'>Proc.</span> <span class='ocrx_word' id='word_1_349' title='bbox 823 4501 900 4554; x_wconf 89' lang='lat' dir='ltr'>Goth.</span> <span class='ocrx_word' id='word_1_350' title='bbox 911 4517 935 4566; x_wconf 79' lang='lat'>3.</span> <span class='ocrx_word' id='word_1_351' title='bbox 943 4517 971 4580; x_wconf 60' lang='lat'>3.</span> <span class='ocrx_word' id='word_1_352' title='bbox 1354 4504 1365 4536; x_wconf 62' lang='lat' dir='ltr'>i</span> <span class='ocrx_word' id='word_1_353' title='bbox 1380 4505 1475 4572; x_wconf 77' lang='lat' dir='ltr'>Agath.</span> <span class='ocrx_word' id='word_1_354' title='bbox 1488 4520 1511 4570; x_wconf 76' lang='lat'>3.</span> <span class='ocrx_word' id='word_1_355' title='bbox 1523 4507 1601 4564; x_wconf 82' lang='lat' dir='ltr'>Goth.</span> <span class='ocrx_word' id='word_1_356' title='bbox 1617 4521 1654 4559; x_wconf 64' lang='grc' dir='ltr'>ια.</span> 
     </span>
    </p>
   </div>
   <div class='ocr_carea' id='block_1_7' title="bbox 0 0 2233 5566">
    <p class='ocr_par' dir='ltr' id='par_1_8' title="bbox 0 0 2233 5566">
     <span class='ocr_line' id='line_1_35' title="bbox 0 0 2233 5566; baseline 0 0"><span class='ocrx_word' id='word_1_357' title='bbox 0 0 2233 5566; x_wconf 95' lang='lat' dir='ltr'> </span> 
     </span>
    </p>
   </div>
  </div>
 </body>
</html>
