<?xml version="1.0" encoding="UTF-8"?>
<!DOCTYPE html PUBLIC "-//W3C//DTD XHTML 1.0 Transitional//EN"
    "http://www.w3.org/TR/xhtml1/DTD/xhtml1-transitional.dtd">
<html xmlns="http://www.w3.org/1999/xhtml" xml:lang="en" lang="en">
 <head>
  <title>
</title>
<meta http-equiv="Content-Type" content="text/html;charset=utf-8" />
  <meta name='ocr-system' content='tesseract 3.04.00' />
  <meta name='ocr-capabilities' content='ocr_page ocr_carea ocr_par ocr_line ocrx_word'/>
</head>
<body>
  <div class='ocr_page' id='page_1' title='image "albericigentili01gentgoog_0099.png"; bbox 0 0 4604 5562; ppageno 0'>
   <div class='ocr_carea' id='block_1_1' title="bbox 489 659 1404 726">
    <p class='ocr_par' dir='ltr' id='par_1_1' title="bbox 489 659 1404 726">
     <span class='ocr_line' id='line_1_1' title="bbox 489 659 1404 726; baseline 0.002 -6"><span class='ocrx_word' id='word_1_1' title='bbox 489 659 532 720; x_wconf 90' lang='lat'>66</span> <span class='ocrx_word' id='word_1_2' title='bbox 974 670 1177 726; x_wconf 87' lang='lat' dir='ltr'><em>ALBERICI</em></span> <span class='ocrx_word' id='word_1_3' title='bbox 1204 669 1404 726; x_wconf 88' lang='lat' dir='ltr'><em>GENTILIS</em></span> 
     </span>
    </p>
   </div>
   <div class='ocr_carea' id='block_1_2' title="bbox 490 910 1892 4000">
    <p class='ocr_par' dir='ltr' id='par_1_2' title="bbox 490 910 1892 4000">
     <span class='ocr_line' id='line_1_2' title="bbox 490 910 1889 996; baseline -0.001 -22"><span class='ocrx_word' id='word_1_4' title='bbox 490 910 547 993; x_wconf 91' lang='lat' dir='ltr'>qui</span> <span class='ocrx_word' id='word_1_5' title='bbox 565 911 690 976; x_wconf 88' lang='lat' dir='ltr'>auxilia</span> <span class='ocrx_word' id='word_1_6' title='bbox 707 913 817 976; x_wconf 88' lang='lat' dir='ltr'>nescio</span> <span class='ocrx_word' id='word_1_7' title='bbox 835 913 955 995; x_wconf 89' lang='lat' dir='ltr'>quibus</span> <span class='ocrx_word' id='word_1_8' title='bbox 973 923 1073 996; x_wconf 84' lang='lat' dir='ltr'>negat</span> <span class='ocrx_word' id='word_1_9' title='bbox 1091 914 1154 978; x_wconf 92' lang='lat' dir='ltr'>hoc</span> <span class='ocrx_word' id='word_1_10' title='bbox 1172 922 1356 996; x_wconf 86' lang='lat' dir='ltr'>praetextu,</span> <span class='ocrx_word' id='word_1_11' title='bbox 1375 912 1464 994; x_wconf 92' lang='lat' dir='ltr'>quod</span> <span class='ocrx_word' id='word_1_12' title='bbox 1483 910 1663 974; x_wconf 86' lang='lat' dir='ltr'>alienarum</span> <span class='ocrx_word' id='word_1_13' title='bbox 1684 929 1792 974; x_wconf 88' lang='lat' dir='ltr'>rerum</span> <span class='ocrx_word' id='word_1_14' title='bbox 1812 928 1889 973; x_wconf 87' lang='lat' dir='ltr'>cura</span> 
     </span>
     <span class='ocr_line' id='line_1_3' title="bbox 490 1018 1890 1108; baseline -0.001 -23"><span class='ocrx_word' id='word_1_15' title='bbox 490 1021 553 1085; x_wconf 87' lang='lat' dir='ltr'><strong>sibi</strong></span> <span class='ocrx_word' id='word_1_16' title='bbox 576 1043 642 1086; x_wconf 93' lang='lat' dir='ltr'>non</span> <span class='ocrx_word' id='word_1_17' title='bbox 660 1023 860 1098; x_wconf 88' lang='lat' dir='ltr'>conueniret,</span> <span class='ocrx_word' id='word_1_18' title='bbox 880 1024 1010 1106; x_wconf 92' lang='lat' dir='ltr'>probari</span> <span class='ocrx_word' id='word_1_19' title='bbox 1033 1045 1099 1088; x_wconf 89' lang='lat' dir='ltr'>non</span> <span class='ocrx_word' id='word_1_20' title='bbox 1122 1033 1233 1108; x_wconf 87' lang='lat' dir='ltr'>potest</span> <span class='ocrx_word' id='word_1_21' title='bbox 1242 1021 1263 1089; x_wconf 89' lang='lat'>¹.</span> <span class='ocrx_word' id='word_1_22' title='bbox 1309 1023 1410 1106; x_wconf 91' lang='lat' dir='ltr'>‘Quis</span> <span class='ocrx_word' id='word_1_23' title='bbox 1433 1023 1520 1086; x_wconf 89' lang='lat' dir='ltr'>enirn</span> <span class='ocrx_word' id='word_1_24' title='bbox 1539 1032 1588 1086; x_wconf 89' lang='lat' dir='ltr'>est</span> <span class='ocrx_word' id='word_1_25' title='bbox 1606 1022 1721 1100; x_wconf 89' lang='lat' dir='ltr'>bonus,</span> <span class='ocrx_word' id='word_1_26' title='bbox 1735 1022 1791 1104; x_wconf 94' lang='lat' dir='ltr'>qui</span> <span class='ocrx_word' id='word_1_27' title='bbox 1810 1018 1890 1084; x_wconf 89' lang='lat' dir='ltr'>facit</span> 
     </span>
     <span class='ocr_line' id='line_1_4' title="bbox 490 1131 1889 1217; baseline -0.001 -21"><span class='ocrx_word' id='word_1_28' title='bbox 490 1131 594 1196; x_wconf 86' lang='lat' dir='ltr'>‘nihil</span> <span class='ocrx_word' id='word_1_29' title='bbox 613 1133 674 1196; x_wconf 94' lang='lat' dir='ltr'>nisi</span> <span class='ocrx_word' id='word_1_30' title='bbox 693 1153 752 1198; x_wconf 90' lang='lat' dir='ltr'>sua</span> <span class='ocrx_word' id='word_1_31' title='bbox 770 1131 921 1198; x_wconf 89' lang='lat' dir='ltr'>caussa?’</span> <span class='ocrx_word' id='word_1_32' title='bbox 944 1135 1062 1198; x_wconf 88' lang='lat' dir='ltr'>iterum</span> <span class='ocrx_word' id='word_1_33' title='bbox 1084 1135 1200 1199; x_wconf 89' lang='lat' dir='ltr'>Cicero</span> <span class='ocrx_word' id='word_1_34' title='bbox 1210 1133 1231 1200; x_wconf 83' lang='lat'>².</span> <span class='ocrx_word' id='word_1_35' title='bbox 1277 1134 1324 1198; x_wconf 92' lang='lat' dir='ltr'>Et</span> <span class='ocrx_word' id='word_1_36' title='bbox 1343 1133 1423 1198; x_wconf 92' lang='lat' dir='ltr'>Lazi</span> <span class='ocrx_word' id='word_1_37' title='bbox 1443 1134 1510 1217; x_wconf 87' lang='lat' dir='ltr'>regi</span> <span class='ocrx_word' id='word_1_38' title='bbox 1531 1133 1712 1208; x_wconf 83' lang='lat' dir='ltr'>Persarum,</span> <span class='ocrx_word' id='word_1_39' title='bbox 1728 1151 1794 1196; x_wconf 90' lang='lat' dir='ltr'>non</span> <span class='ocrx_word' id='word_1_40' title='bbox 1813 1151 1889 1196; x_wconf 90' lang='lat' dir='ltr'>eum</span> 
     </span>
     <span class='ocr_line' id='line_1_5' title="bbox 490 1245 1890 1328; baseline 0 -22"><span class='ocrx_word' id='word_1_41' title='bbox 490 1254 666 1327; x_wconf 88' lang='lat' dir='ltr'>propterea</span> <span class='ocrx_word' id='word_1_42' title='bbox 689 1265 761 1308; x_wconf 90' lang='lat' dir='ltr'>esse</span> <span class='ocrx_word' id='word_1_43' title='bbox 782 1245 914 1322; x_wconf 91' lang='lat' dir='ltr'>iustum,</span> <span class='ocrx_word' id='word_1_44' title='bbox 936 1247 1024 1328; x_wconf 94' lang='lat' dir='ltr'>quod</span> <span class='ocrx_word' id='word_1_45' title='bbox 1048 1248 1169 1312; x_wconf 87' lang='lat' dir='ltr'>faceret</span> <span class='ocrx_word' id='word_1_46' title='bbox 1193 1247 1312 1312; x_wconf 89' lang='lat' dir='ltr'>iniuste</span> <span class='ocrx_word' id='word_1_47' title='bbox 1335 1245 1423 1321; x_wconf 92' lang='lat' dir='ltr'>nihil,</span> <span class='ocrx_word' id='word_1_48' title='bbox 1444 1246 1504 1308; x_wconf 92' lang='lat' dir='ltr'>nisi</span> <span class='ocrx_word' id='word_1_49' title='bbox 1524 1254 1557 1308; x_wconf 90' lang='lat' dir='ltr'>et</span> <span class='ocrx_word' id='word_1_50' title='bbox 1578 1245 1697 1308; x_wconf 92' lang='lat' dir='ltr'>iniuste</span> <span class='ocrx_word' id='word_1_51' title='bbox 1715 1263 1890 1326; x_wconf 88' lang='lat' dir='ltr'>oppressos</span> 
     </span>
     <span class='ocr_line' id='line_1_6' title="bbox 491 1353 1890 1436; baseline -0.001 -15"><span class='ocrx_word' id='word_1_52' title='bbox 491 1356 692 1435; x_wconf 88' lang='lat' dir='ltr'>defenderet,</span> <span class='ocrx_word' id='word_1_53' title='bbox 715 1366 749 1421; x_wconf 89' lang='lat' dir='ltr'>et</span> <span class='ocrx_word' id='word_1_54' title='bbox 769 1377 847 1420; x_wconf 92' lang='lat' dir='ltr'>uero</span> <span class='ocrx_word' id='word_1_55' title='bbox 870 1357 916 1421; x_wconf 93' lang='lat' dir='ltr'>sic</span> <span class='ocrx_word' id='word_1_56' title='bbox 939 1357 1064 1421; x_wconf 87' lang='lat' dir='ltr'>auxilia</span> <span class='ocrx_word' id='word_1_57' title='bbox 1083 1367 1115 1422; x_wconf 91' lang='lat' dir='ltr'>et</span> <span class='ocrx_word' id='word_1_58' title='bbox 1134 1358 1299 1422; x_wconf 89' lang='lat' dir='ltr'>exercitus</span> <span class='ocrx_word' id='word_1_59' title='bbox 1317 1366 1431 1422; x_wconf 88' lang='lat' dir='ltr'>contra</span> <span class='ocrx_word' id='word_1_60' title='bbox 1451 1357 1622 1420; x_wconf 87' lang='lat' dir='ltr'>Romanos</span> <span class='ocrx_word' id='word_1_61' title='bbox 1641 1357 1858 1436; x_wconf 84' lang='lat' dir='ltr'>impetrarunt</span> <span class='ocrx_word' id='word_1_62' title='bbox 1868 1353 1890 1418; x_wconf 81' lang='lat'>³.</span> 
     </span>
     <span class='ocr_line' id='line_1_7' title="bbox 491 1465 1889 1546; baseline -0.001 -16"><span class='ocrx_word' id='word_1_63' title='bbox 491 1467 570 1531; x_wconf 93' lang='lat' dir='ltr'>Non</span> <span class='ocrx_word' id='word_1_64' title='bbox 591 1468 699 1532; x_wconf 87' lang='lat' dir='ltr'>aliena</span> <span class='ocrx_word' id='word_1_65' title='bbox 719 1466 845 1532; x_wconf 90' lang='lat' dir='ltr'>homini</span> <span class='ocrx_word' id='word_1_66' title='bbox 865 1489 915 1532; x_wconf 91' lang='lat' dir='ltr'>res</span> <span class='ocrx_word' id='word_1_67' title='bbox 931 1477 989 1546; x_wconf 91' lang='lat' dir='ltr'>est,</span> <span class='ocrx_word' id='word_1_68' title='bbox 1005 1467 1177 1532; x_wconf 91' lang='lat' dir='ltr'>hominum</span> <span class='ocrx_word' id='word_1_69' title='bbox 1196 1469 1278 1532; x_wconf 89' lang='lat' dir='ltr'>tueri</span> <span class='ocrx_word' id='word_1_70' title='bbox 1298 1489 1367 1533; x_wconf 91' lang='lat' dir='ltr'>rem</span> <span class='ocrx_word' id='word_1_71' title='bbox 1384 1477 1416 1532; x_wconf 85' lang='lat' dir='ltr'>et</span> <span class='ocrx_word' id='word_1_72' title='bbox 1435 1468 1586 1532; x_wconf 90' lang='lat' dir='ltr'>salutem.</span> <span class='ocrx_word' id='word_1_73' title='bbox 1633 1467 1783 1530; x_wconf 89' lang='lat' dir='ltr'>Dixisset</span> <span class='ocrx_word' id='word_1_74' title='bbox 1802 1465 1889 1528; x_wconf 90' lang='lat' dir='ltr'>idern</span> 
     </span>
     <span class='ocr_line' id='line_1_8' title="bbox 493 1573 1890 1660; baseline -0.002 -18"><span class='ocrx_word' id='word_1_75' title='bbox 493 1578 619 1658; x_wconf 89' lang='lat' dir='ltr'>Cicero,</span> <span class='ocrx_word' id='word_1_76' title='bbox 640 1581 685 1644; x_wconf 91' lang='lat' dir='ltr'>‘si</span> <span class='ocrx_word' id='word_1_77' title='bbox 707 1601 774 1643; x_wconf 89' lang='lat' dir='ltr'>non</span> <span class='ocrx_word' id='word_1_78' title='bbox 796 1579 949 1659; x_wconf 89' lang='lat' dir='ltr'>hominis,</span> <span class='ocrx_word' id='word_1_79' title='bbox 971 1589 1008 1644; x_wconf 90' lang='lat' dir='ltr'>at</span> <span class='ocrx_word' id='word_1_80' title='bbox 1033 1580 1251 1644; x_wconf 88' lang='lat' dir='ltr'>humanitatis</span> <span class='ocrx_word' id='word_1_81' title='bbox 1273 1573 1436 1645; x_wconf 89' lang='lat' dir='ltr'>rationem</span> <span class='ocrx_word' id='word_1_82' title='bbox 1457 1577 1611 1644; x_wconf 84' lang='lat' dir='ltr'>haberet⁴</span> <span class='ocrx_word' id='word_1_83' title='bbox 1624 1581 1645 1643; x_wconf 91' lang='lat'>:&#39;</span> <span class='ocrx_word' id='word_1_84' title='bbox 1676 1598 1760 1660; x_wconf 86' lang='lat' dir='ltr'>quae</span> <span class='ocrx_word' id='word_1_85' title='bbox 1787 1577 1890 1641; x_wconf 91' lang='lat' dir='ltr'>cuiuis</span> 
     </span>
     <span class='ocr_line' id='line_1_9' title="bbox 491 1689 1889 1775; baseline -0.001 -22"><span class='ocrx_word' id='word_1_86' title='bbox 491 1689 617 1754; x_wconf 91' lang='lat' dir='ltr'>homini</span> <span class='ocrx_word' id='word_1_87' title='bbox 640 1713 660 1755; x_wconf 92' lang='lat' dir='ltr'>a</span> <span class='ocrx_word' id='word_1_88' title='bbox 683 1691 802 1774; x_wconf 91' lang='lat' dir='ltr'>quouis</span> <span class='ocrx_word' id='word_1_89' title='bbox 824 1691 888 1756; x_wconf 87' lang='lat' dir='ltr'>hoc</span> <span class='ocrx_word' id='word_1_90' title='bbox 911 1693 983 1773; x_wconf 87' lang='lat' dir='ltr'>ipso</span> <span class='ocrx_word' id='word_1_91' title='bbox 1006 1693 1153 1771; x_wconf 89' lang='lat' dir='ltr'>debetur,</span> <span class='ocrx_word' id='word_1_92' title='bbox 1176 1713 1242 1775; x_wconf 94' lang='lat' dir='ltr'>quo</span> <span class='ocrx_word' id='word_1_93' title='bbox 1267 1692 1418 1756; x_wconf 88' lang='lat' dir='ltr'>homines</span> <span class='ocrx_word' id='word_1_94' title='bbox 1441 1713 1545 1774; x_wconf 88' lang='lat' dir='ltr'>aeque</span> <span class='ocrx_word' id='word_1_95' title='bbox 1568 1700 1664 1755; x_wconf 90' lang='lat' dir='ltr'>sunt:</span> <span class='ocrx_word' id='word_1_96' title='bbox 1695 1700 1729 1754; x_wconf 88' lang='lat' dir='ltr'>et</span> <span class='ocrx_word' id='word_1_97' title='bbox 1751 1689 1889 1754; x_wconf 90' lang='lat' dir='ltr'>alterum</span> 
     </span>
     <span class='ocr_line' id='line_1_10' title="bbox 490 1801 1890 1868; baseline -0.001 -3"><span class='ocrx_word' id='word_1_98' title='bbox 490 1801 584 1865; x_wconf 86' lang='lat' dir='ltr'>alteri</span> <span class='ocrx_word' id='word_1_99' title='bbox 614 1803 799 1866; x_wconf 89' lang='lat' dir='ltr'>communis</span> <span class='ocrx_word' id='word_1_100' title='bbox 820 1801 968 1866; x_wconf 83' lang='lat' dir='ltr'>omnium</span> <span class='ocrx_word' id='word_1_101' title='bbox 993 1812 1098 1867; x_wconf 88' lang='lat' dir='ltr'>mater</span> <span class='ocrx_word' id='word_1_102' title='bbox 1120 1813 1237 1867; x_wconf 88' lang='lat' dir='ltr'>natura</span> <span class='ocrx_word' id='word_1_103' title='bbox 1259 1803 1403 1868; x_wconf 87' lang='lat' dir='ltr'>humana</span> <span class='ocrx_word' id='word_1_104' title='bbox 1425 1803 1647 1868; x_wconf 86' lang='lat' dir='ltr'><strong>commendat.</strong></span> <span class='ocrx_word' id='word_1_105' title='bbox 1703 1801 1811 1865; x_wconf 88' lang='lat' dir='ltr'>Multa</span> <span class='ocrx_word' id='word_1_106' title='bbox 1837 1801 1890 1864; x_wconf 90' lang='lat' dir='ltr'>hic</span> 
     </span>
     <span class='ocr_line' id='line_1_11' title="bbox 491 1912 1890 1998; baseline 0 -22"><span class='ocrx_word' id='word_1_107' title='bbox 491 1921 576 1977; x_wconf 88' lang='lat' dir='ltr'>sunt.</span> <span class='ocrx_word' id='word_1_108' title='bbox 622 1912 745 1977; x_wconf 83' lang='lat' dir='ltr'>Nobile</span> <span class='ocrx_word' id='word_1_109' title='bbox 767 1913 960 1996; x_wconf 88' lang='lat' dir='ltr'>exemplum</span> <span class='ocrx_word' id='word_1_110' title='bbox 979 1915 1108 1979; x_wconf 88' lang='lat' dir='ltr'>barbari</span> <span class='ocrx_word' id='word_1_111' title='bbox 1128 1918 1213 1998; x_wconf 83' lang='lat' dir='ltr'>regis</span> <span class='ocrx_word' id='word_1_112' title='bbox 1231 1916 1451 1980; x_wconf 83' lang='lat' dir='ltr'>Mauritaniae</span> <span class='ocrx_word' id='word_1_113' title='bbox 1469 1925 1538 1979; x_wconf 90' lang='lat' dir='ltr'>est:</span> <span class='ocrx_word' id='word_1_114' title='bbox 1562 1914 1626 1996; x_wconf 91' lang='lat' dir='ltr'>qui,</span> <span class='ocrx_word' id='word_1_115' title='bbox 1642 1934 1717 1977; x_wconf 87' lang='lat' dir='ltr'>cum</span> <span class='ocrx_word' id='word_1_116' title='bbox 1735 1913 1890 1991; x_wconf 81' lang='lat' dir='ltr'>audisset,</span> 
     </span>
     <span class='ocr_line' id='line_1_12' title="bbox 490 2023 1889 2111; baseline 0 -25"><span class='ocrx_word' id='word_1_117' title='bbox 490 2023 622 2088; x_wconf 84' lang='lat' dir='ltr'>hostem</span> <span class='ocrx_word' id='word_1_118' title='bbox 641 2043 735 2087; x_wconf 89' lang='lat' dir='ltr'>suum</span> <span class='ocrx_word' id='word_1_119' title='bbox 755 2025 942 2105; x_wconf 85' lang='lat' dir='ltr'>Alfonsum,</span> <span class='ocrx_word' id='word_1_120' title='bbox 960 2027 1125 2091; x_wconf 90' lang='lat' dir='ltr'>Castellae</span> <span class='ocrx_word' id='word_1_121' title='bbox 1143 2048 1263 2111; x_wconf 83' lang='lat' dir='ltr'>regem,</span> <span class='ocrx_word' id='word_1_122' title='bbox 1278 2029 1377 2090; x_wconf 91' lang='lat' dir='ltr'>armis</span> <span class='ocrx_word' id='word_1_123' title='bbox 1396 2026 1453 2090; x_wconf 86' lang='lat' dir='ltr'>filii</span> <span class='ocrx_word' id='word_1_124' title='bbox 1472 2028 1585 2109; x_wconf 89' lang='lat' dir='ltr'>premi,</span> <span class='ocrx_word' id='word_1_125' title='bbox 1602 2035 1635 2089; x_wconf 91' lang='lat' dir='ltr'>et</span> <span class='ocrx_word' id='word_1_126' title='bbox 1653 2025 1720 2089; x_wconf 89' lang='lat' dir='ltr'>fere</span> <span class='ocrx_word' id='word_1_127' title='bbox 1738 2025 1889 2108; x_wconf 89' lang='lat' dir='ltr'>opprimi,</span> 
     </span>
     <span class='ocr_line' id='line_1_13' title="bbox 492 2135 1890 2221; baseline 0.002 -24"><span class='ocrx_word' id='word_1_128' title='bbox 492 2135 660 2217; x_wconf 82' lang='lat' dir='ltr'>ingentem</span> <span class='ocrx_word' id='word_1_129' title='bbox 682 2137 752 2200; x_wconf 85' lang='lat' dir='ltr'>auri</span> <span class='ocrx_word' id='word_1_130' title='bbox 780 2137 909 2220; x_wconf 87' lang='lat' dir='ltr'>copiam</span> <span class='ocrx_word' id='word_1_131' title='bbox 937 2138 1025 2202; x_wconf 87' lang='lat' dir='ltr'>misit</span> <span class='ocrx_word' id='word_1_132' title='bbox 1047 2139 1091 2202; x_wconf 91' lang='lat' dir='ltr'>ad</span> <span class='ocrx_word' id='word_1_133' title='bbox 1113 2138 1301 2217; x_wconf 89' lang='lat' dir='ltr'>Alfonsum,</span> <span class='ocrx_word' id='word_1_134' title='bbox 1320 2140 1389 2221; x_wconf 92' lang='lat' dir='ltr'>ipse</span> <span class='ocrx_word' id='word_1_135' title='bbox 1412 2141 1511 2202; x_wconf 87' lang='lat' dir='ltr'>etiam</span> <span class='ocrx_word' id='word_1_136' title='bbox 1535 2139 1567 2200; x_wconf 95' lang='lat' dir='ltr'>in</span> <span class='ocrx_word' id='word_1_137' title='bbox 1593 2137 1792 2220; x_wconf 86' lang='lat' dir='ltr'>Hispaniam</span> <span class='ocrx_word' id='word_1_138' title='bbox 1815 2157 1890 2201; x_wconf 89' lang='lat' dir='ltr'>cum</span> 
     </span>
     <span class='ocr_line' id='line_1_14' title="bbox 492 2248 1889 2333; baseline 0.001 -23"><span class='ocrx_word' id='word_1_139' title='bbox 492 2267 614 2329; x_wconf 86' lang='lat' dir='ltr'>magna</span> <span class='ocrx_word' id='word_1_140' title='bbox 640 2248 782 2312; x_wconf 86' lang='lat' dir='ltr'>militurn</span> <span class='ocrx_word' id='word_1_141' title='bbox 813 2269 912 2312; x_wconf 88' lang='lat' dir='ltr'>manu</span> <span class='ocrx_word' id='word_1_142' title='bbox 936 2271 971 2314; x_wconf 90' lang='lat' dir='ltr'>se</span> <span class='ocrx_word' id='word_1_143' title='bbox 994 2252 1129 2315; x_wconf 89' lang='lat' dir='ltr'>traiecit.</span> <span class='ocrx_word' id='word_1_144' title='bbox 1168 2272 1236 2315; x_wconf 88' lang='lat' dir='ltr'>rem</span> <span class='ocrx_word' id='word_1_145' title='bbox 1263 2251 1524 2333; x_wconf 86' lang='lat' dir='ltr'>indignissimam</span> <span class='ocrx_word' id='word_1_146' title='bbox 1551 2269 1718 2328; x_wconf 89' lang='lat' dir='ltr'>accusans,</span> <span class='ocrx_word' id='word_1_147' title='bbox 1740 2258 1778 2312; x_wconf 90' lang='lat' dir='ltr'>ut</span> <span class='ocrx_word' id='word_1_148' title='bbox 1804 2249 1889 2312; x_wconf 88' lang='lat' dir='ltr'>lilius</span> 
     </span>
     <span class='ocr_line' id='line_1_15' title="bbox 492 2359 1890 2445; baseline 0.001 -24"><span class='ocrx_word' id='word_1_149' title='bbox 492 2366 621 2440; x_wconf 85' lang='lat' dir='ltr'>patrem</span> <span class='ocrx_word' id='word_1_150' title='bbox 652 2379 753 2442; x_wconf 88' lang='lat' dir='ltr'>regno</span> <span class='ocrx_word' id='word_1_151' title='bbox 783 2359 928 2441; x_wconf 85' lang='lat' dir='ltr'>pelleret.</span> <span class='ocrx_word' id='word_1_152' title='bbox 959 2362 1087 2426; x_wconf 89' lang='lat' dir='ltr'>addens</span> <span class='ocrx_word' id='word_1_153' title='bbox 1110 2371 1231 2441; x_wconf 87' lang='lat' dir='ltr'>autem,</span> <span class='ocrx_word' id='word_1_154' title='bbox 1250 2363 1387 2426; x_wconf 88' lang='lat' dir='ltr'>uictoria</span> <span class='ocrx_word' id='word_1_155' title='bbox 1409 2371 1505 2445; x_wconf 89' lang='lat' dir='ltr'>parta</span> <span class='ocrx_word' id='word_1_156' title='bbox 1526 2359 1670 2424; x_wconf 86' lang='lat' dir='ltr'>Alfonso</span> <span class='ocrx_word' id='word_1_157' title='bbox 1691 2360 1836 2424; x_wconf 90' lang='lat' dir='ltr'>futurum</span> <span class='ocrx_word' id='word_1_158' title='bbox 1855 2381 1890 2423; x_wconf 91' lang='lat' dir='ltr'>se</span> 
     </span>
     <span class='ocr_line' id='line_1_16' title="bbox 492 2469 1891 2556; baseline 0.002 -24"><span class='ocrx_word' id='word_1_159' title='bbox 492 2469 611 2533; x_wconf 90' lang='lat' dir='ltr'>iterum</span> <span class='ocrx_word' id='word_1_160' title='bbox 635 2470 743 2534; x_wconf 90' lang='lat' dir='ltr'>eidem</span> <span class='ocrx_word' id='word_1_161' title='bbox 770 2472 901 2536; x_wconf 84' lang='lat' dir='ltr'>hostem</span> <span class='ocrx_word' id='word_1_162' title='bbox 911 2473 934 2537; x_wconf 88' lang='lat'>⁶.</span> <span class='ocrx_word' id='word_1_163' title='bbox 980 2471 1092 2556; x_wconf 84' lang='lat' dir='ltr'>Quid?</span> <span class='ocrx_word' id='word_1_164' title='bbox 1147 2475 1263 2538; x_wconf 90' lang='lat' dir='ltr'>Metuo</span> <span class='ocrx_word' id='word_1_165' title='bbox 1293 2474 1449 2538; x_wconf 90' lang='lat' dir='ltr'>barbaros</span> <span class='ocrx_word' id='word_1_166' title='bbox 1469 2472 1647 2554; x_wconf 83' lang='lat' dir='ltr'>hostesque</span> <span class='ocrx_word' id='word_1_167' title='bbox 1674 2481 1707 2536; x_wconf 89' lang='lat' dir='ltr'>et</span> <span class='ocrx_word' id='word_1_168' title='bbox 1737 2472 1824 2536; x_wconf 86' lang='lat' dir='ltr'>dona</span> <span class='ocrx_word' id='word_1_169' title='bbox 1846 2470 1891 2535; x_wconf 91' lang='lat' dir='ltr'>fe-</span> 
     </span>
     <span class='ocr_line' id='line_1_17' title="bbox 493 2579 1890 2668; baseline 0.003 -26"><span class='ocrx_word' id='word_1_170' title='bbox 493 2579 622 2644; x_wconf 85' lang='lat' dir='ltr'>rentes?</span> <span class='ocrx_word' id='word_1_171' title='bbox 665 2581 805 2646; x_wconf 84' lang='lat' dir='ltr'>Factum</span> <span class='ocrx_word' id='word_1_172' title='bbox 828 2584 951 2648; x_wconf 89' lang='lat' dir='ltr'>inimici</span> <span class='ocrx_word' id='word_1_173' title='bbox 970 2585 1074 2667; x_wconf 89' lang='lat' dir='ltr'>accipi</span> <span class='ocrx_word' id='word_1_174' title='bbox 1090 2587 1122 2648; x_wconf 92' lang='lat' dir='ltr'>in</span> <span class='ocrx_word' id='word_1_175' title='bbox 1142 2585 1263 2650; x_wconf 91' lang='lat' dir='ltr'>malam</span> <span class='ocrx_word' id='word_1_176' title='bbox 1280 2583 1453 2668; x_wconf 70' lang='lat' dir='ltr'>parteml?</span> <span class='ocrx_word' id='word_1_177' title='bbox 1499 2584 1545 2648; x_wconf 88' lang='lat' dir='ltr'>Et</span> <span class='ocrx_word' id='word_1_178' title='bbox 1563 2604 1677 2647; x_wconf 90' lang='lat' dir='ltr'>uerum</span> <span class='ocrx_word' id='word_1_179' title='bbox 1695 2584 1742 2646; x_wconf 86' lang='lat' dir='ltr'>ait</span> <span class='ocrx_word' id='word_1_180' title='bbox 1762 2582 1890 2648; x_wconf 89' lang='lat' dir='ltr'>Guicci-</span> 
     </span>
     <span class='ocr_line' id='line_1_18' title="bbox 492 2693 1892 2780; baseline 0.003 -24"><span class='ocrx_word' id='word_1_181' title='bbox 492 2693 633 2772; x_wconf 89' lang='lat' dir='ltr'>ardinus,</span> <span class='ocrx_word' id='word_1_182' title='bbox 650 2713 715 2756; x_wconf 90' lang='lat' dir='ltr'>non</span> <span class='ocrx_word' id='word_1_183' title='bbox 734 2693 815 2758; x_wconf 88' lang='lat' dir='ltr'>haec</span> <span class='ocrx_word' id='word_1_184' title='bbox 834 2693 903 2759; x_wconf 90' lang='lat' dir='ltr'>fieri</span> <span class='ocrx_word' id='word_1_185' title='bbox 919 2717 939 2760; x_wconf 89' lang='lat' dir='ltr'>a</span> <span class='ocrx_word' id='word_1_186' title='bbox 953 2718 1122 2780; x_wconf 88' lang='lat' dir='ltr'>quoquam</span> <span class='ocrx_word' id='word_1_187' title='bbox 1137 2697 1264 2780; x_wconf 88' lang='lat' dir='ltr'>absque</span> <span class='ocrx_word' id='word_1_188' title='bbox 1282 2719 1341 2780; x_wconf 88' lang='lat' dir='ltr'>spe</span> <span class='ocrx_word' id='word_1_189' title='bbox 1357 2697 1493 2760; x_wconf 89' lang='lat' dir='ltr'>alicuius</span> <span class='ocrx_word' id='word_1_190' title='bbox 1512 2694 1748 2760; x_wconf 87' lang='lat' dir='ltr'>emolumenti?</span> <span class='ocrx_word' id='word_1_191' title='bbox 1793 2695 1892 2760; x_wconf 90' lang='lat' dir='ltr'>Guic-</span> 
     </span>
     <span class='ocr_line' id='line_1_19' title="bbox 492 2803 1891 2893; baseline 0.003 -27"><span class='ocrx_word' id='word_1_192' title='bbox 492 2803 627 2866; x_wconf 88' lang='lat' dir='ltr'>ciardini</span> <span class='ocrx_word' id='word_1_193' title='bbox 650 2804 775 2867; x_wconf 90' lang='lat' dir='ltr'>dictum</span> <span class='ocrx_word' id='word_1_194' title='bbox 800 2806 1005 2888; x_wconf 87' lang='lat' dir='ltr'>uituperatur</span> <span class='ocrx_word' id='word_1_195' title='bbox 1025 2829 1045 2871; x_wconf 87' lang='lat' dir='ltr'>a</span> <span class='ocrx_word' id='word_1_196' title='bbox 1069 2809 1170 2872; x_wconf 92' lang='lat' dir='ltr'>nobili</span> <span class='ocrx_word' id='word_1_197' title='bbox 1194 2809 1399 2892; x_wconf 87' lang='lat' dir='ltr'>Montagneo</span> <span class='ocrx_word' id='word_1_198' title='bbox 1423 2808 1454 2870; x_wconf 91' lang='lat' dir='ltr'>in</span> <span class='ocrx_word' id='word_1_199' title='bbox 1479 2807 1643 2871; x_wconf 90' lang='lat' dir='ltr'>nobilibus</span> <span class='ocrx_word' id='word_1_200' title='bbox 1664 2806 1726 2870; x_wconf 92' lang='lat' dir='ltr'>illis</span> <span class='ocrx_word' id='word_1_201' title='bbox 1746 2806 1812 2871; x_wconf 89' lang='lat' dir='ltr'>suis</span> <span class='ocrx_word' id='word_1_202' title='bbox 1828 2803 1891 2893; x_wconf 82' lang='lat' dir='ltr'>(di-</span> 
     </span>
     <span class='ocr_line' id='line_1_20' title="bbox 493 2911 1891 3003; baseline 0.004 -27"><span class='ocrx_word' id='word_1_203' title='bbox 493 2932 565 2977; x_wconf 84' lang='lat' dir='ltr'>cam</span> <span class='ocrx_word' id='word_1_204' title='bbox 585 2911 719 3000; x_wconf 88' lang='lat' dir='ltr'>Latine)</span> <span class='ocrx_word' id='word_1_205' title='bbox 737 2916 982 2997; x_wconf 89' lang='lat' dir='ltr'>speciminibus.</span> <span class='ocrx_word' id='word_1_206' title='bbox 1037 2918 1148 2982; x_wconf 88' lang='lat' dir='ltr'>Mitto.</span> <span class='ocrx_word' id='word_1_207' title='bbox 1203 2919 1344 3003; x_wconf 90' lang='lat' dir='ltr'>Quaero,</span> <span class='ocrx_word' id='word_1_208' title='bbox 1363 2919 1442 3001; x_wconf 93' lang='lat' dir='ltr'>quid</span> <span class='ocrx_word' id='word_1_209' title='bbox 1462 2919 1539 2981; x_wconf 93' lang='lat' dir='ltr'>iuris</span> <span class='ocrx_word' id='word_1_210' title='bbox 1557 2918 1608 2982; x_wconf 93' lang='lat' dir='ltr'>sit.</span> <span class='ocrx_word' id='word_1_211' title='bbox 1654 2917 1814 3000; x_wconf 88' lang='lat' dir='ltr'>Quaestio</span> <span class='ocrx_word' id='word_1_212' title='bbox 1833 2926 1891 2996; x_wconf 90' lang='lat' dir='ltr'>est,</span> 
     </span>
     <span class='ocr_line' id='line_1_21' title="bbox 493 3024 1892 3112; baseline 0.005 -26"><span class='ocrx_word' id='word_1_213' title='bbox 493 3024 519 3086; x_wconf 95' lang='lat' dir='ltr'>si</span> <span class='ocrx_word' id='word_1_214' title='bbox 538 3024 606 3088; x_wconf 89' lang='lat' dir='ltr'>iure</span> <span class='ocrx_word' id='word_1_215' title='bbox 622 3026 696 3108; x_wconf 94' lang='lat' dir='ltr'>quis</span> <span class='ocrx_word' id='word_1_216' title='bbox 711 3037 849 3105; x_wconf 88' lang='lat' dir='ltr'>tenetur,</span> <span class='ocrx_word' id='word_1_217' title='bbox 866 3027 967 3092; x_wconf 89' lang='lat' dir='ltr'>alium</span> <span class='ocrx_word' id='word_1_218' title='bbox 989 3028 1166 3093; x_wconf 80' lang='lat' dir='ltr'>defendere</span> <span class='ocrx_word' id='word_1_219' title='bbox 1184 3051 1285 3112; x_wconf 90' lang='lat' dir='ltr'>quum</span> <span class='ocrx_word' id='word_1_220' title='bbox 1305 3039 1424 3112; x_wconf 90' lang='lat' dir='ltr'>potest.</span> <span class='ocrx_word' id='word_1_221' title='bbox 1471 3029 1516 3093; x_wconf 90' lang='lat' dir='ltr'>Et</span> <span class='ocrx_word' id='word_1_222' title='bbox 1535 3048 1656 3110; x_wconf 87' lang='lat' dir='ltr'>negare</span> <span class='ocrx_word' id='word_1_223' title='bbox 1674 3029 1892 3093; x_wconf 88' lang='lat' dir='ltr'>communiter</span> 
     </span>
     <span class='ocr_line' id='line_1_22' title="bbox 494 3135 1891 3224; baseline 0.007 -28"><span class='ocrx_word' id='word_1_224' title='bbox 494 3135 655 3200; x_wconf 91' lang='lat' dir='ltr'>uidentur.</span> <span class='ocrx_word' id='word_1_225' title='bbox 702 3137 748 3202; x_wconf 91' lang='lat' dir='ltr'>Et</span> <span class='ocrx_word' id='word_1_226' title='bbox 770 3138 817 3203; x_wconf 88' lang='lat' dir='ltr'>ait</span> <span class='ocrx_word' id='word_1_227' title='bbox 838 3139 1016 3221; x_wconf 88' lang='lat' dir='ltr'>aliquando</span> <span class='ocrx_word' id='word_1_228' title='bbox 1039 3141 1104 3220; x_wconf 89' lang='lat' dir='ltr'>lex,</span> <span class='ocrx_word' id='word_1_229' title='bbox 1131 3161 1191 3205; x_wconf 92' lang='lat' dir='ltr'>nos</span> <span class='ocrx_word' id='word_1_230' title='bbox 1218 3141 1324 3206; x_wconf 87' lang='lat' dir='ltr'>aliena</span> <span class='ocrx_word' id='word_1_231' title='bbox 1352 3141 1516 3224; x_wconf 83' lang='lat' dir='ltr'>negligere</span> <span class='ocrx_word' id='word_1_232' title='bbox 1542 3141 1612 3204; x_wconf 90' lang='lat' dir='ltr'>sine</span> <span class='ocrx_word' id='word_1_233' title='bbox 1639 3140 1736 3222; x_wconf 89' lang='lat' dir='ltr'>culpa</span> <span class='ocrx_word' id='word_1_234' title='bbox 1762 3141 1891 3223; x_wconf 83' lang='lat' dir='ltr'>posse⁷.</span> 
     </span>
     <span class='ocr_line' id='line_1_23' title="bbox 494 3246 1892 3335; baseline 0.004 -26"><span class='ocrx_word' id='word_1_235' title='bbox 494 3246 650 3311; x_wconf 87' lang='lat' dir='ltr'>Ceterum</span> <span class='ocrx_word' id='word_1_236' title='bbox 670 3257 782 3312; x_wconf 85' lang='lat' dir='ltr'>nostra</span> <span class='ocrx_word' id='word_1_237' title='bbox 805 3251 937 3334; x_wconf 90' lang='lat' dir='ltr'>propria</span> <span class='ocrx_word' id='word_1_238' title='bbox 959 3255 1110 3335; x_wconf 86' lang='lat' dir='ltr'>quaestio</span> <span class='ocrx_word' id='word_1_239' title='bbox 1134 3264 1193 3329; x_wconf 91' lang='lat' dir='ltr'>est,</span> <span class='ocrx_word' id='word_1_240' title='bbox 1211 3255 1236 3317; x_wconf 94' lang='lat' dir='ltr'>si</span> <span class='ocrx_word' id='word_1_241' title='bbox 1258 3255 1342 3317; x_wconf 90' lang='lat' dir='ltr'>iuste</span> <span class='ocrx_word' id='word_1_242' title='bbox 1363 3253 1437 3334; x_wconf 91' lang='lat' dir='ltr'>quis</span> <span class='ocrx_word' id='word_1_243' title='bbox 1461 3252 1564 3334; x_wconf 91' lang='lat' dir='ltr'>possit</span> <span class='ocrx_word' id='word_1_244' title='bbox 1587 3251 1633 3317; x_wconf 92' lang='lat' dir='ltr'>sic</span> <span class='ocrx_word' id='word_1_245' title='bbox 1656 3253 1757 3316; x_wconf 89' lang='lat' dir='ltr'>alium</span> <span class='ocrx_word' id='word_1_246' title='bbox 1779 3251 1892 3316; x_wconf 91' lang='lat' dir='ltr'>defen-</span> 
     </span>
     <span class='ocr_line' id='line_1_24' title="bbox 493 3359 1890 3446; baseline 0.003 -24"><span class='ocrx_word' id='word_1_247' title='bbox 493 3359 581 3423; x_wconf 90' lang='lat' dir='ltr'>dere.</span> <span class='ocrx_word' id='word_1_248' title='bbox 625 3360 658 3423; x_wconf 93' lang='lat' dir='ltr'>in</span> <span class='ocrx_word' id='word_1_249' title='bbox 688 3381 754 3442; x_wconf 89' lang='lat' dir='ltr'>qua</span> <span class='ocrx_word' id='word_1_250' title='bbox 792 3382 889 3426; x_wconf 90' lang='lat' dir='ltr'>nemo</span> <span class='ocrx_word' id='word_1_251' title='bbox 927 3374 1026 3446; x_wconf 86' lang='lat' dir='ltr'>negat</span> <span class='ocrx_word' id='word_1_252' title='bbox 1057 3367 1176 3429; x_wconf 86' lang='lat' dir='ltr'>iustam</span> <span class='ocrx_word' id='word_1_253' title='bbox 1208 3363 1468 3430; x_wconf 84' lang='lat' dir='ltr'>defensionem⁸.</span> <span class='ocrx_word' id='word_1_254' title='bbox 1514 3365 1615 3428; x_wconf 84' lang='lat' dir='ltr'>etiarn</span> <span class='ocrx_word' id='word_1_255' title='bbox 1645 3386 1704 3446; x_wconf 91' lang='lat' dir='ltr'>pro</span> <span class='ocrx_word' id='word_1_256' title='bbox 1741 3366 1890 3431; x_wconf 88' lang='lat' dir='ltr'>extranei</span> 
     </span>
     <span class='ocr_line' id='line_1_25' title="bbox 493 3469 1891 3558; baseline 0.005 -25"><span class='ocrx_word' id='word_1_257' title='bbox 493 3469 682 3533; x_wconf 78' lang='lat' dir='ltr'>defensione</span> <span class='ocrx_word' id='word_1_258' title='bbox 706 3470 781 3536; x_wconf 86' lang='lat' dir='ltr'>licet</span> <span class='ocrx_word' id='word_1_259' title='bbox 805 3473 945 3537; x_wconf 86' lang='lat' dir='ltr'>alterum</span> <span class='ocrx_word' id='word_1_260' title='bbox 968 3476 1126 3552; x_wconf 89' lang='lat' dir='ltr'>occidere,</span> <span class='ocrx_word' id='word_1_261' title='bbox 1144 3477 1307 3540; x_wconf 89' lang='lat' dir='ltr'>sententia</span> <span class='ocrx_word' id='word_1_262' title='bbox 1329 3477 1371 3539; x_wconf 89' lang='lat' dir='ltr'>ab</span> <span class='ocrx_word' id='word_1_263' title='bbox 1390 3475 1543 3538; x_wconf 89' lang='lat' dir='ltr'>omnibus</span> <span class='ocrx_word' id='word_1_264' title='bbox 1566 3475 1755 3538; x_wconf 89' lang='lat' dir='ltr'>doctoribus</span> <span class='ocrx_word' id='word_1_265' title='bbox 1773 3477 1891 3558; x_wconf 90' lang='lat' dir='ltr'>adpro-</span> 
     </span>
     <span class='ocr_line' id='line_1_26' title="bbox 492 3579 1892 3670; baseline 0.006 -26"><span class='ocrx_word' id='word_1_266' title='bbox 492 3580 581 3644; x_wconf 88' lang='lat' dir='ltr'>bata.</span> <span class='ocrx_word' id='word_1_267' title='bbox 627 3581 741 3646; x_wconf 89' lang='lat' dir='ltr'>Etiam</span> <span class='ocrx_word' id='word_1_268' title='bbox 764 3585 969 3668; x_wconf 84' lang='lat' dir='ltr'>adprobatur</span> <span class='ocrx_word' id='word_1_269' title='bbox 991 3587 1138 3653; x_wconf 82' lang='lat' dir='ltr'>defensio</span> <span class='ocrx_word' id='word_1_270' title='bbox 1161 3590 1230 3653; x_wconf 92' lang='lat' dir='ltr'>eius</span> <span class='ocrx_word' id='word_1_271' title='bbox 1254 3588 1310 3670; x_wconf 92' lang='lat' dir='ltr'>qui</span> <span class='ocrx_word' id='word_1_272' title='bbox 1333 3609 1368 3651; x_wconf 93' lang='lat' dir='ltr'>se</span> <span class='ocrx_word' id='word_1_273' title='bbox 1391 3579 1568 3651; x_wconf 89' lang='lat' dir='ltr'>defendere</span> <span class='ocrx_word' id='word_1_274' title='bbox 1586 3586 1733 3668; x_wconf 83' lang='lat' dir='ltr'>negligit,</span> <span class='ocrx_word' id='word_1_275' title='bbox 1749 3589 1815 3652; x_wconf 92' lang='lat' dir='ltr'>imo</span> <span class='ocrx_word' id='word_1_276' title='bbox 1835 3589 1892 3652; x_wconf 91' lang='lat' dir='ltr'>de·</span> 
     </span>
     <span class='ocr_line' id='line_1_27' title="bbox 492 3692 1891 3778; baseline 0.008 -24"><span class='ocrx_word' id='word_1_277' title='bbox 492 3692 582 3756; x_wconf 89' lang='lat' dir='ltr'>fendi</span> <span class='ocrx_word' id='word_1_278' title='bbox 601 3693 644 3757; x_wconf 89' lang='lat' dir='ltr'>ab</span> <span class='ocrx_word' id='word_1_279' title='bbox 662 3695 729 3758; x_wconf 91' lang='lat' dir='ltr'>alio</span> <span class='ocrx_word' id='word_1_280' title='bbox 747 3708 883 3777; x_wconf 87' lang='lat' dir='ltr'>recusat,</span> <span class='ocrx_word' id='word_1_281' title='bbox 902 3699 972 3763; x_wconf 92' lang='lat' dir='ltr'>siue</span> <span class='ocrx_word' id='word_1_282' title='bbox 991 3701 1192 3766; x_wconf 86' lang='lat' dir='ltr'>necessarius</span> <span class='ocrx_word' id='word_1_283' title='bbox 1211 3700 1376 3778; x_wconf 90' lang='lat' dir='ltr'>defendat,</span> <span class='ocrx_word' id='word_1_284' title='bbox 1395 3699 1465 3763; x_wconf 90' lang='lat' dir='ltr'>siue</span> <span class='ocrx_word' id='word_1_285' title='bbox 1482 3698 1576 3774; x_wconf 89' lang='lat' dir='ltr'>alius,</span> <span class='ocrx_word' id='word_1_286' title='bbox 1592 3699 1693 3762; x_wconf 88' lang='lat' dir='ltr'>etiam</span> <span class='ocrx_word' id='word_1_287' title='bbox 1711 3700 1861 3764; x_wconf 89' lang='lat' dir='ltr'>inimicus</span> <span class='ocrx_word' id='word_1_288' title='bbox 1870 3701 1891 3766; x_wconf 78' lang='lat'>⁹.</span> 
     </span>
     <span class='ocr_line' id='line_1_28' title="bbox 494 3802 1892 3878; baseline 0.009 -14"><span class='ocrx_word' id='word_1_289' title='bbox 494 3802 540 3865; x_wconf 89' lang='lat' dir='ltr'>Et</span> <span class='ocrx_word' id='word_1_290' title='bbox 566 3802 782 3869; x_wconf 86' lang='lat' dir='ltr'>humanitatis</span> <span class='ocrx_word' id='word_1_291' title='bbox 808 3809 855 3872; x_wconf 90' lang='lat' dir='ltr'>sic</span> <span class='ocrx_word' id='word_1_292' title='bbox 882 3813 966 3874; x_wconf 87' lang='lat' dir='ltr'>ratio</span> <span class='ocrx_word' id='word_1_293' title='bbox 993 3812 1120 3878; x_wconf 90' lang='lat' dir='ltr'>dicitur.</span> <span class='ocrx_word' id='word_1_294' title='bbox 1175 3812 1221 3875; x_wconf 92' lang='lat' dir='ltr'>Et</span> <span class='ocrx_word' id='word_1_295' title='bbox 1247 3813 1294 3876; x_wconf 88' lang='lat' dir='ltr'>sic</span> <span class='ocrx_word' id='word_1_296' title='bbox 1321 3810 1517 3876; x_wconf 89' lang='lat' dir='ltr'>beneficium</span> <span class='ocrx_word' id='word_1_297' title='bbox 1544 3809 1680 3874; x_wconf 88' lang='lat' dir='ltr'>conferri</span> <span class='ocrx_word' id='word_1_298' title='bbox 1711 3811 1744 3875; x_wconf 93' lang='lat' dir='ltr'>in</span> <span class='ocrx_word' id='word_1_299' title='bbox 1771 3813 1892 3877; x_wconf 89' lang='lat' dir='ltr'>inuitos</span> 
     </span>
     <span class='ocr_line' id='line_1_29' title="bbox 493 3911 1337 4000; baseline 0.015 -26"><span class='ocrx_word' id='word_1_300' title='bbox 493 3932 593 3994; x_wconf 90' lang='lat' dir='ltr'>saepe</span> <span class='ocrx_word' id='word_1_301' title='bbox 601 3911 635 3978; x_wconf 91' lang='lat'>¹⁰.</span> <span class='ocrx_word' id='word_1_302' title='bbox 681 3913 738 3979; x_wconf 90' lang='lat' dir='ltr'>Sic</span> <span class='ocrx_word' id='word_1_303' title='bbox 753 3925 787 3980; x_wconf 89' lang='lat' dir='ltr'>ct</span> <span class='ocrx_word' id='word_1_304' title='bbox 802 3919 911 4000; x_wconf 89' lang='lat' dir='ltr'>plures</span> <span class='ocrx_word' id='word_1_305' title='bbox 925 3921 1011 3985; x_wconf 87' lang='lat' dir='ltr'>aliae</span> <span class='ocrx_word' id='word_1_306' title='bbox 1026 3923 1235 3988; x_wconf 89' lang='lat' dir='ltr'>definitiones</span> <span class='ocrx_word' id='word_1_307' title='bbox 1251 3933 1337 3987; x_wconf 91' lang='lat' dir='ltr'>sunt.</span> 
     </span>
    </p>
   </div>
   <div class='ocr_carea' id='block_1_3' title="bbox 493 4200 1893 4604">
    <p class='ocr_par' dir='ltr' id='par_1_3' title="bbox 493 4200 1893 4604">
     <span class='ocr_line' id='line_1_30' title="bbox 493 4200 1892 4275; baseline 0.007 -25"><span class='ocrx_word' id='word_1_308' title='bbox 493 4200 591 4267; x_wconf 86' lang='lat' dir='ltr'>¹Xiph.</span> <span class='ocrx_word' id='word_1_309' title='bbox 606 4201 664 4252; x_wconf 91' lang='lat' dir='ltr'>Dio.</span> <span class='ocrx_word' id='word_1_310' title='bbox 676 4202 718 4264; x_wconf 87' lang='grc'>46.</span> <span class='ocrx_word' id='word_1_311' title='bbox 751 4201 989 4266; x_wconf 78' lang='lat' dir='ltr'>’Cic.7.1·&#39;am.rr.</span> <span class='ocrx_word' id='word_1_312' title='bbox 1023 4208 1308 4273; x_wconf 78' lang='lat' dir='ltr'>&#39;Procop.2.1‘ers.15.</span> <span class='ocrx_word' id='word_1_313' title='bbox 1342 4209 1415 4260; x_wconf 80' lang='lat' dir='ltr'>‘Cic¹</span> <span class='ocrx_word' id='word_1_314' title='bbox 1429 4226 1474 4275; x_wconf 88' lang='lat' dir='ltr'>pro</span> <span class='ocrx_word' id='word_1_315' title='bbox 1486 4209 1610 4274; x_wconf 79' lang='lat' dir='ltr'>Quin&#39;31.</span> <span class='ocrx_word' id='word_1_316' title='bbox 1643 4209 1725 4260; x_wconf 70' lang='lat' dir='ltr'>‘lust</span> <span class='ocrx_word' id='word_1_317' title='bbox 1738 4207 1801 4260; x_wconf 73' lang='lat' dir='ltr'>Gen.</span> <span class='ocrx_word' id='word_1_318' title='bbox 1814 4211 1858 4259; x_wconf 80' lang='lat' dir='ltr'>An.</span> <span class='ocrx_word' id='word_1_319' title='bbox 1870 4222 1892 4272; x_wconf 83' lang='lat'>3.</span> 
     </span>
     <span class='ocr_line' id='line_1_31' title="bbox 657 4284 1728 4356; baseline 0.009 -24"><span class='ocrx_word' id='word_1_320' title='bbox 657 4284 667 4312; x_wconf 84' lang='lat'>⁸</span> <span class='ocrx_word' id='word_1_321' title='bbox 683 4284 700 4332; x_wconf 92' lang='lat' dir='ltr'>l.</span> <span class='ocrx_word' id='word_1_322' title='bbox 712 4285 735 4334; x_wconf 87' lang='lat'>6.</span> <span class='ocrx_word' id='word_1_323' title='bbox 746 4285 777 4335; x_wconf 88' lang='lat' dir='ltr'>de</span> <span class='ocrx_word' id='word_1_324' title='bbox 789 4302 856 4336; x_wconf 87' lang='lat' dir='ltr'>excu.</span> <span class='ocrx_word' id='word_1_325' title='bbox 868 4287 914 4350; x_wconf 87' lang='lat' dir='ltr'>(D.</span> <span class='ocrx_word' id='word_1_326' title='bbox 929 4299 966 4351; x_wconf 81' lang='lat'>27.</span> <span class='ocrx_word' id='word_1_327' title='bbox 983 4292 1017 4352; x_wconf 92' lang='lat'>1).</span> <span class='ocrx_word' id='word_1_328' title='bbox 1219 4291 1228 4320; x_wconf 80' lang='lat'>⁷</span> <span class='ocrx_word' id='word_1_329' title='bbox 1245 4292 1263 4340; x_wconf 91' lang='lat' dir='ltr'>l.</span> <span class='ocrx_word' id='word_1_330' title='bbox 1277 4307 1315 4340; x_wconf 80' lang='lat'>21.</span> <span class='ocrx_word' id='word_1_331' title='bbox 1328 4293 1359 4342; x_wconf 89' lang='lat' dir='ltr'>de</span> <span class='ocrx_word' id='word_1_332' title='bbox 1371 4291 1409 4341; x_wconf 94' lang='lat' dir='ltr'>he.</span> <span class='ocrx_word' id='word_1_333' title='bbox 1422 4292 1469 4342; x_wconf 82' lang='lat' dir='ltr'>vel.</span> <span class='ocrx_word' id='word_1_334' title='bbox 1482 4307 1519 4342; x_wconf 83' lang='lat' dir='ltr'>ac.</span> <span class='ocrx_word' id='word_1_335' title='bbox 1532 4307 1568 4343; x_wconf 84' lang='lat' dir='ltr'>ve.</span> <span class='ocrx_word' id='word_1_336' title='bbox 1583 4293 1628 4356; x_wconf 85' lang='lat' dir='ltr'>(D.</span> <span class='ocrx_word' id='word_1_337' title='bbox 1643 4295 1680 4344; x_wconf 89' lang='lat'>18.</span> <span class='ocrx_word' id='word_1_338' title='bbox 1692 4295 1728 4355; x_wconf 85' lang='lat'>4).</span> 
     </span>
     <span class='ocr_line' id='line_1_32' title="bbox 517 4366 1867 4439; baseline 0.007 -23"><span class='ocrx_word' id='word_1_339' title='bbox 517 4367 527 4396; x_wconf 80' lang='lat'><strong>⁸</strong></span> <span class='ocrx_word' id='word_1_340' title='bbox 544 4366 626 4416; x_wconf 77' lang='lat' dir='ltr'>Casti.</span> <span class='ocrx_word' id='word_1_341' title='bbox 637 4367 654 4417; x_wconf 89' lang='lat' dir='ltr'>l.</span> <span class='ocrx_word' id='word_1_342' title='bbox 670 4381 690 4418; x_wconf 91' lang='lat'>1.</span> <span class='ocrx_word' id='word_1_343' title='bbox 703 4367 734 4416; x_wconf 88' lang='lat' dir='ltr'>de</span> <span class='ocrx_word' id='word_1_344' title='bbox 746 4367 801 4417; x_wconf 85' lang='lat' dir='ltr'>iust.</span> <span class='ocrx_word' id='word_1_345' title='bbox 815 4369 859 4432; x_wconf 70' lang='lat' dir='ltr'>(D.</span> <span class='ocrx_word' id='word_1_346' title='bbox 874 4383 894 4419; x_wconf 91' lang='lat'>1.</span> <span class='ocrx_word' id='word_1_347' title='bbox 910 4373 935 4433; x_wconf 88' lang='lat'>1)</span> <span class='ocrx_word' id='word_1_348' title='bbox 941 4389 947 4428; x_wconf 86' lang='lat'>;</span> <span class='ocrx_word' id='word_1_349' title='bbox 966 4371 1006 4420; x_wconf 84' lang='lat' dir='ltr'>Al.</span> <span class='ocrx_word' id='word_1_350' title='bbox 1021 4383 1042 4436; x_wconf 83' lang='lat'>7.</span> <span class='ocrx_word' id='word_1_351' title='bbox 1057 4383 1094 4435; x_wconf 81' lang='lat'>17.</span> <span class='ocrx_word' id='word_1_352' title='bbox 1109 4383 1149 4436; x_wconf 72' lang='grc' dir='ltr'>ης</span> <span class='ocrx_word' id='word_1_353' title='bbox 1167 4373 1234 4424; x_wconf 80' lang='lat' dir='ltr'>Clar.</span> <span class='ocrx_word' id='word_1_354' title='bbox 1249 4379 1260 4433; x_wconf 65' lang='grc' dir='ltr'>ᾗ</span> <span class='ocrx_word' id='word_1_355' title='bbox 1274 4373 1298 4423; x_wconf 85' lang='lat' dir='ltr'>fi.</span> <span class='ocrx_word' id='word_1_356' title='bbox 1310 4391 1333 4439; x_wconf 92' lang='lat' dir='ltr'>q.</span> <span class='ocrx_word' id='word_1_357' title='bbox 1347 4376 1385 4438; x_wconf 84' lang='lat'>87.</span> <span class='ocrx_word' id='word_1_358' title='bbox 1398 4382 1422 4424; x_wconf 85' lang='lat' dir='ltr'>et</span> <span class='ocrx_word' id='word_1_359' title='bbox 1436 4381 1448 4435; x_wconf 68' lang='grc' dir='ltr'><strong>ς</strong></span> <span class='ocrx_word' id='word_1_360' title='bbox 1462 4374 1638 4439; x_wconf 68' lang='lat' dir='ltr'>homicidium</span> <span class='ocrx_word' id='word_1_361' title='bbox 1656 4375 1718 4426; x_wconf 85' lang='lat' dir='ltr'>Dec.</span> <span class='ocrx_word' id='word_1_362' title='bbox 1730 4390 1798 4426; x_wconf 89' lang='lat' dir='ltr'>cons.</span> <span class='ocrx_word' id='word_1_363' title='bbox 1811 4375 1867 4438; x_wconf 71' lang='lat'>678.</span> 
     </span>
     <span class='ocr_line' id='line_1_33' title="bbox 493 4445 1893 4523; baseline 0.009 -26"><span class='ocrx_word' id='word_1_364' title='bbox 493 4445 504 4478; x_wconf 63' lang='lat' dir='ltr'>l</span> <span class='ocrx_word' id='word_1_365' title='bbox 519 4448 537 4497; x_wconf 90' lang='lat' dir='ltr'>l.</span> <span class='ocrx_word' id='word_1_366' title='bbox 549 4447 574 4500; x_wconf 90' lang='lat'>6.</span> <span class='ocrx_word' id='word_1_367' title='bbox 584 4449 616 4499; x_wconf 89' lang='lat' dir='ltr'>de</span> <span class='ocrx_word' id='word_1_368' title='bbox 627 4466 685 4515; x_wconf 82' lang='lat' dir='ltr'>app.</span> <span class='ocrx_word' id='word_1_369' title='bbox 698 4451 743 4514; x_wconf 91' lang='lat' dir='ltr'>(D.</span> <span class='ocrx_word' id='word_1_370' title='bbox 756 4466 795 4516; x_wconf 79' lang='lat'>⁴9·</span> <span class='ocrx_word' id='word_1_371' title='bbox 808 4453 835 4515; x_wconf 87' lang='lat'>5)</span> <span class='ocrx_word' id='word_1_372' title='bbox 841 4469 848 4514; x_wconf 71' lang='grc' dir='ltr'>ς</span> <span class='ocrx_word' id='word_1_373' title='bbox 866 4452 914 4505; x_wconf 74' lang='lat' dir='ltr'>Ias.</span> <span class='ocrx_word' id='word_1_374' title='bbox 925 4453 942 4502; x_wconf 90' lang='lat' dir='ltr'>l.</span> <span class='ocrx_word' id='word_1_375' title='bbox 955 4469 978 4516; x_wconf 83' lang='lat'>3.</span> <span class='ocrx_word' id='word_1_376' title='bbox 989 4454 1020 4505; x_wconf 90' lang='lat' dir='ltr'>de</span> <span class='ocrx_word' id='word_1_377' title='bbox 1031 4454 1064 4505; x_wconf 88' lang='lat' dir='ltr'>iu.</span> <span class='ocrx_word' id='word_1_378' title='bbox 1076 4455 1121 4519; x_wconf 72' lang='lat' dir='ltr'>(D.</span> <span class='ocrx_word' id='word_1_379' title='bbox 1134 4457 1210 4519; x_wconf 81' lang='lat'>5.1);</span> <span class='ocrx_word' id='word_1_380' title='bbox 1229 4456 1292 4507; x_wconf 89' lang='lat' dir='ltr'>Dec.</span> <span class='ocrx_word' id='word_1_381' title='bbox 1303 4473 1371 4507; x_wconf 86' lang='lat' dir='ltr'>cons.</span> <span class='ocrx_word' id='word_1_382' title='bbox 1384 4455 1429 4520; x_wconf 84' lang='lat'>691</span> <span class='ocrx_word' id='word_1_383' title='bbox 1440 4473 1446 4513; x_wconf 87' lang='lat'>;</span> <span class='ocrx_word' id='word_1_384' title='bbox 1465 4457 1544 4523; x_wconf 88' lang='lat' dir='ltr'>Ceph.</span> <span class='ocrx_word' id='word_1_385' title='bbox 1558 4469 1621 4520; x_wconf 70' lang='grc' dir='ltr'>7ης</span> <span class='ocrx_word' id='word_1_386' title='bbox 1638 4458 1722 4510; x_wconf 80' lang='lat' dir='ltr'>Cuiac.</span> <span class='ocrx_word' id='word_1_387' title='bbox 1737 4472 1774 4509; x_wconf 68' lang='grc' dir='ltr'>ιο.</span> <span class='ocrx_word' id='word_1_388' title='bbox 1787 4459 1841 4509; x_wconf 86' lang='lat' dir='ltr'>obs.</span> <span class='ocrx_word' id='word_1_389' title='bbox 1855 4472 1893 4509; x_wconf 69' lang='grc' dir='ltr'>πο.</span> 
     </span>
     <span class='ocr_line' id='line_1_34' title="bbox 493 4529 1893 4604; baseline 0.007 -24"><span class='ocrx_word' id='word_1_390' title='bbox 493 4529 512 4562; x_wconf 85' lang='lat'>¹⁰</span> <span class='ocrx_word' id='word_1_391' title='bbox 523 4529 540 4580; x_wconf 96' lang='lat' dir='ltr'>l.</span> <span class='ocrx_word' id='word_1_392' title='bbox 552 4544 591 4598; x_wconf 77' lang='lat'>39.</span> <span class='ocrx_word' id='word_1_393' title='bbox 599 4531 630 4582; x_wconf 90' lang='lat' dir='ltr'>de</span> <span class='ocrx_word' id='word_1_394' title='bbox 638 4547 676 4582; x_wconf 85' lang='lat' dir='ltr'>ne.</span> <span class='ocrx_word' id='word_1_395' title='bbox 684 4549 723 4598; x_wconf 85' lang='lat' dir='ltr'>ge.</span> <span class='ocrx_word' id='word_1_396' title='bbox 732 4532 777 4597; x_wconf 90' lang='lat' dir='ltr'>(D.</span> <span class='ocrx_word' id='word_1_397' title='bbox 787 4547 808 4598; x_wconf 84' lang='lat'>3.</span> <span class='ocrx_word' id='word_1_398' title='bbox 818 4533 860 4598; x_wconf 85' lang='lat'>5);</span> <span class='ocrx_word' id='word_1_399' title='bbox 872 4534 888 4586; x_wconf 91' lang='lat' dir='ltr'>l.</span> <span class='ocrx_word' id='word_1_400' title='bbox 899 4549 919 4584; x_wconf 88' lang='lat'>1.</span> <span class='ocrx_word' id='word_1_401' title='bbox 928 4551 994 4602; x_wconf 86' lang='lat' dir='ltr'>seqq.</span> <span class='ocrx_word' id='word_1_402' title='bbox 1002 4537 1032 4588; x_wconf 91' lang='lat' dir='ltr'>de</span> <span class='ocrx_word' id='word_1_403' title='bbox 1039 4536 1082 4587; x_wconf 93' lang='lat' dir='ltr'>lib.</span> <span class='ocrx_word' id='word_1_404' title='bbox 1090 4553 1128 4588; x_wconf 85' lang='lat' dir='ltr'>cn.</span> <span class='ocrx_word' id='word_1_405' title='bbox 1136 4538 1181 4602; x_wconf 79' lang='lat' dir='ltr'>(D.</span> <span class='ocrx_word' id='word_1_406' title='bbox 1189 4552 1229 4602; x_wconf 81' lang='lat'>40.</span> <span class='ocrx_word' id='word_1_407' title='bbox 1241 4544 1294 4602; x_wconf 70' lang='lat'>12),</span> <span class='ocrx_word' id='word_1_408' title='bbox 1306 4541 1363 4591; x_wconf 87' lang='lat' dir='ltr'>Cot.</span> <span class='ocrx_word' id='word_1_409' title='bbox 1372 4555 1474 4591; x_wconf 88' lang='lat' dir='ltr'>memor.</span> <span class='ocrx_word' id='word_1_410' title='bbox 1483 4555 1502 4590; x_wconf 89' lang='lat' dir='ltr'>s.</span> <span class='ocrx_word' id='word_1_411' title='bbox 1511 4556 1535 4590; x_wconf 87' lang='lat' dir='ltr'>u.</span> <span class='ocrx_word' id='word_1_412' title='bbox 1543 4541 1700 4599; x_wconf 69' lang='lat' dir='ltr'>beneficium</span> <span class='ocrx_word' id='word_1_413' title='bbox 1712 4557 1734 4594; x_wconf 83' lang='lat' dir='ltr'>e.</span> <span class='ocrx_word' id='word_1_414' title='bbox 1744 4555 1781 4592; x_wconf 89' lang='lat'>11.</span> <span class='ocrx_word' id='word_1_415' title='bbox 1789 4541 1846 4591; x_wconf 88' lang='lat' dir='ltr'>dist.</span> <span class='ocrx_word' id='word_1_416' title='bbox 1852 4553 1893 4604; x_wconf 83' lang='lat'>45.</span> 
     </span>
    </p>
   </div>
   <div class='ocr_carea' id='block_1_4' title="bbox 0 0 2312 5562">
    <p class='ocr_par' dir='ltr' id='par_1_4' title="bbox 0 0 2312 5562">
     <span class='ocr_line' id='line_1_35' title="bbox 0 0 2312 5562; baseline 0 0"><span class='ocrx_word' id='word_1_417' title='bbox 0 0 2312 5562; x_wconf 95' lang='lat' dir='ltr'> </span> 
     </span>
    </p>
   </div>
  </div>
 </body>
</html>
