4604 5562
799 703 859 758 ns
886 703 990 758 runs
1018 704 1153 775 astar,
1182 704 1260 760 ara.
1283 705 1325 777 rr,
1357 704 1444 762 cAP.
1466 706 1509 763 rr.
1657 691 1660 698 '
1791 717 1853 782 129

458 948 587 1014 exsules
617 949 662 1012 illi
692 951 780 1033 quod
811 959 981 1032 quaerunt,
1008 959 1042 1014 et
1074 951 1240 1015 consecuti
1263 961 1340 1015 sunt
1365 951 1497 1034 pluries.
1542 951 1668 1018 Aeoles
1693 953 1854 1037 recipiunt

451 1059 689 1146 *Colophonioq
719 1060 973 1126 Lacedaemonii
1007 1059 1159 1126 Minias¹.
1221 1061 1359 1126 Cumaei
1392 1063 1482 1142 alios,
1513 1064 1544 1126 ui
1575 1065 1709 1146 quidem
1738 1067 1854 1144 coacti,

456 1172 512 1235 sed
538 1172 663 1254 absque
688 1171 776 1236 bello
784 1169 805 1236 ².
852 1171 989 1246 Gothos,
1018 1171 1171 1255 Scythas,
1198 1172 1336 1252 Alanos,
1364 1174 1531 1256 Bulgaros,
1555 1174 1736 1240 Saracenos
1764 1176 1852 1242 Con-

455 1283 737 1366 stantinopolitani
770 1283 984 1366 imperatores
993 1282 1017 1348 ³.
1062 1284 1108 1348 Et
1141 1284 1281 1348 Latinus
1313 1305 1373 1349 rex
1406 1285 1485 1349 olim
1513 1285 1684 1366 Troianos,
1715 1298 1748 1352 et
1776 1287 1851 1352 Ani

453 1393 580 1477 Tyrios,
602 1405 636 1459 et
658 1395 713 1459 alii
736 1395 829 1459 alios.

494 1506 534 1570 In
555 1505 627 1570 utili
650 1505 841 1570 defensione
867 1526 928 1570 nec
952 1507 1117 1570 diuersum
1140 1507 1366 1572 constituetur.
1399 1507 1533 1591 quando
1555 1509 1692 1575 eaedem
1715 1531 1851 1576 caussae

454 1627 606 1695 manent;
628 1617 773 1701 satisque
791 1617 844 1682 uel
864 1618 965 1682 metui
983 1616 1179 1694 consuletur,
1194 1617 1247 1681 uel
1265 1617 1344 1682 belli
1362 1637 1460 1682 causa
1478 1619 1721 1702 adprobabitur.
1769 1623 1850 1686 Dari

453 1729 583 1794 obsides
604 1738 751 1812 possunt,
774 1729 859 1793 tradi
882 1749 981 1806 arces,
1004 1729 1123 1793 deduci
1145 1729 1317 1811 praesidia,
1336 1731 1458 1794 dimitti
1482 1732 1655 1810 exercitus,
1675 1753 1850 1815 sponsores

451 1841 586 1921 adsumi,
609 1839 692 1907 fides
714 1842 883 1924 obstringi,
906 1841 1129 1904 iusiurandum
1154 1840 1327 1923 interponi,
1349 1842 1507 1924 praestari
1530 1842 1563 1906 id
1586 1863 1690 1925 genus
1716 1843 1850 1927 reliqua,

451 1973 541 2036 quae,
554 1954 631 2019 licet
642 1953 773 2018 uincula
784 1953 886 2017 uideri
898 1953 983 2016 leuia
995 1961 1134 2034 possunt
1149 1953 1182 2015 in
1199 1952 1357 2034 regnandi
1372 1953 1449 2032 iure,
1461 1954 1530 2018 siue
1547 1954 1671 2033 iniuria,
1682 1963 1719 2018 ut
1731 1954 1849 2020 Tullus

451 2083 580 2148 quoque
592 2064 706 2143 dixit⁴,
718 2075 794 2130 sunt
810 2065 939 2130 uincula
953 2074 1066 2128 tamen
1082 2073 1116 2128 et
1130 2063 1355 2127 iusiurandum
1371 2064 1506 2147 quidem
1522 2067 1671 2147 gentium
1684 2068 1849 2146 omnium;

451 2196 509 2241 nec
528 2187 605 2242 sunt
624 2177 722 2241 alia⁶.
768 2177 813 2240 Et
835 2196 875 2240 ea
897 2185 1029 2258 recepta
1052 2183 1148 2250 sunt3
1179 2183 1213 2238 et
1232 2195 1317 2256 quae
1336 2175 1363 2237 si
1383 2195 1448 2238 non
1472 2177 1678 2258 recipiantur,
1695 2199 1761 2242 non
1784 2179 1846 2242 nisi

451 2287 595 2352 conlusio
617 2296 803 2371 superesset
818 2288 965 2351 omnium
989 2306 1116 2364 rerum;
1147 2305 1206 2349 nec
1230 2286 1361 2368 coargui
1386 2285 1563 2350 iniustitiae
1586 2288 1791 2353 refractarius
1815 2300 1848 2354 et

451 2399 586 2464 iniustus
601 2419 761 2483 umquam
777 2398 910 2463 ualeret.
948 2396 1004 2462 Sic
1015 2397 1169 2461 Alciatus
1183 2397 1217 2458 in
1233 2397 1426 2478 quaestione
1442 2398 1485 2460 de
1501 2400 1727 2464 moderamine
1741 2401 1845 2466 incul-

450 2519 545 2592 patae
556 2511 679 2575 tutelae
690 2511 799 2590 tradit,
811 2509 1096 2592 repromissionem
1108 2506 1304 2572 interuenire
1315 2528 1413 2590 posse
1425 2509 1583 2572 aduersus
1601 2520 1736 2584 metum,
1749 2532 1848 2594 posse

450 2622 644 2688 interuenire
667 2621 902 2697 iusiurandum,
923 2619 1157 2696 fideiussiones,
1180 2618 1359 2696 obsidatus,
1385 2619 1524 2702 pig'nora
1547 2621 1704 2686 arcium⁶.
1750 2622 1847 2686 Idem

450 2752 543 2815 porro
567 2744 601 2799 et
625 2735 658 2797 in
681 2733 902 2798 uindicatione
925 2733 976 2796 ius
999 2732 1245 2807 constituemus,
1270 2739 1306 2794 ut
1334 2729 1461 2795 bellum
1487 2733 1702 2797 denuncietur
1728 2735 1770 2797 ab
1795 2734 1847 2799 his

449 2847 502 2929 qui
520 2847 680 2910 ultionem
704 2853 886 2928 quaerunt:
910 2845 980 2908 siue
1003 2842 1118 2907 iniuria
1141 2862 1253 2906 recens
1275 2852 1412 2925 accepta
1434 2852 1494 2918 est,
1514 2844 1584 2907 siue
1604 2853 1700 2908 uetus
1721 2855 1779 2910 est.
1810 2855 1847 2910 ut

449 2958 490 3021 de
506 2958 653 3040 utrisque
675 2967 752 3020 sunt
773 2955 948 3020 historiae:
972 2963 1005 3018 et
1027 2953 1235 3036 supradictae
1257 2953 1392 3018 uincunt
1416 2954 1566 3019 rationes.
1613 2955 1769 3020 Cetenrm
1793 2956 1846 3020 hic

449 3069 595 3148 sciamus,
618 3069 707 3151 quod
732 3068 758 3130 si
783 3065 875 3131 illata
899 3066 1013 3129 iniuria
1035 3064 1132 3128 fuerit
1156 3063 1294 3129 bellica:
1326 3065 1361 3128 id
1383 3066 1473 3147 quod
1498 3086 1543 3129 ex
1566 3076 1682 3148 paratu
1707 3087 1846 3149 cognos-

448 3181 547 3244 citur:
571 3200 631 3245 nec
650 3180 810 3244 indictum
826 3177 951 3241 bellum
970 3176 1050 3241 luit:
1074 3176 1189 3258 utique
1207 3195 1267 3239 nec
1285 3175 1431 3240 indicent
1448 3175 1513 3252 alii,
1533 3177 1588 3260 qui
1609 3178 1641 3239 in
1660 3178 1847 3260 praesentia

449 3301 583 3357 mouent
604 3292 647 3355 ad
667 3290 835 3355 ultionem.
868 3309 946 3353 nam
964 3289 1034 3352 iura
1053 3287 1189 3351 uiolanti
1209 3286 1259 3350 ius
1277 3287 1432 3366 redditur,
1451 3288 1477 3352 si
1496 3289 1545 3352 ius
1565 3308 1630 3351 non
1650 3297 1844 3370 praestatur.

448 3413 482 3467 ut
505 3403 570 3468 illic
594 3403 758 3485 explicaui
780 3402 813 3465 in
836 3401 980 3465 secundo
1008 3400 1062 3463 De
1083 3399 1311 3482 legationibus,
1334 3399 1390 3461 ubi
1415 3399 1537 3481 scripsi,
1560 3401 1843 3482 quemadmodum

447 3514 502 3596 qui
525 3514 659 3580 alterius
686 3514 780 3577 laesit
806 3514 942 3595 legatos,
965 3512 993 3574 is
1016 3510 1082 3574 suis
1106 3529 1172 3573 non
1196 3517 1305 3590 speret
1331 3517 1417 3572 stare
1444 3509 1493 3573 ius
1517 3509 1699 3592 legationis.
1757 3512 1843 3575 Item

449 3643 551 3708 neque
573 3626 624 3690 his
644 3624 767 3689 bellum
790 3625 950 3688 indicetur
972 3623 1028 3705 qui
1051 3623 1117 3685 iam
1140 3641 1200 3702 pro
1218 3619 1369 3683 hostibus
1391 3620 1563 3684 habentur.
1593 3622 1730 3704 utquid
1755 3623 1842 3687 enim

447 3757 528 3820 opus
558 3737 745 3815 indictione,
775 3756 835 3818 per
863 3755 964 3819 quam
994 3731 1203 3799 denunciatio
1233 3730 1431 3810 hostilitatis,
1462 3732 1489 3795 si
1519 3731 1633 3796 hostes
1662 3753 1776 3798 sumus
1809 3744 1843 3799 et

446 3845 610 3912 habemur.
668 3847 854 3930 ‘Quicquid
872 3848 1118 3911 demonstratae
1136 3844 1182 3908 rei
1200 3843 1333 3907 additur
1354 3843 1434 3906 satis
1451 3844 1706 3922 demonstratae,
1724 3845 1844 3910 frustra

447 3961 516 4024 ‘est
526 3957 559 4024 ⁷.’
604 3959 718 4023 Etiam
740 3957 820 4024 illud
840 3959 955 4022 dixere
983 3958 1124 4036 leciales,
1147 3974 1214 4020 non
1235 3975 1320 4037 opus
1342 3975 1423 4032 esse,
1441 3956 1632 4020 renunciare
1654 3957 1843 4037 amicitiam,

447 4090 517 4134 cum
541 4071 659 4154 legatis
682 4070 905 4153 repetentibus
928 4091 979 4134 res
1004 4069 1135 4149 pluries,
1158 4089 1218 4132 eae
1244 4086 1304 4132 nec
1327 4076 1437 4131 essent
1464 4067 1621 4148 redditae,
1644 4089 1703 4134 nec
1727 4068 1843 4134 luisset

446 4182 536 4248 aliter
553 4182 767 4247 satisfactum.
797 4182 886 4264 quod
905 4181 1004 4264 paulo
1022 4189 1099 4245 ante
1117 4180 1296 4245 retulimus.
1341 4177 1418 4243 ‘An
1437 4179 1622 4261 Agesilaus,
1638 4180 1843 4259 Alexander,

448 4293 548 4359 ‘alius
564 4294 709 4359 Graecus
725 4293 899 4357 indixisset
913 4293 1060 4357 barbaris
1073 4292 1207 4372 bellum,
1223 4292 1343 4375 quibus
1358 4300 1452 4356 erant
1467 4290 1579 4355 hostes
1594 4290 1758 4374 semperi'
1793 4292 1841 4356 Hi

446 4523 589 4578 ‘Herodot
604 4540 661 4578 1.e.
674 4539 728 4592 150,
740 4543 794 4592 4.c.
806 4539 860 4592 145.
925 4525 1059 4587 ’Pnust¹
1125 4524 1267 4585 'Oronte
1285 4522 1490 4588 Greg.2.6.19;
1508 4523 1607 4582 Zon3.
1673 4522 1840 4586 ‘Dionys.3.

571 4607 582 4640 ⁸
598 4610 703 4674 Dionys.
717 4609 741 4661 6.
883 4608 894 4638 ⁶
909 4608 965 4659 Ale
978 4622 1000 4673 5.
1013 4623 1079 4658 cons
1095 4620 1150 4668 13²·
1296 4605 1305 4634 ⁷
1323 4605 1339 4654 1.
1354 4619 1376 4656 1.
1386 4605 1417 4654 de
1428 4604 1469 4654 do.
1482 4619 1549 4668 prae.
1561 4603 1606 4666 (D.
1619 4616 1658 4665 ³3·
1670 4603 1706 4664 4).

447 4739 576 4760 Q

1135 4817 1152 4866 S
