4604 5562
492 675 535 754 64
977 685 1179 741 ALBERICI
1207 686 1406 741 GENTILIS

493 933 528 989 et
559 945 675 988 omnes
707 922 857 989 homines
887 925 1069 1008 populares,
1096 926 1349 1009 municipesque,
1374 935 1409 992 et
1437 926 1538 990 ueluti
1568 936 1754 992 armentum
1785 949 1888 992 unum

493 1047 693 1111 compascuo
725 1028 758 1092 in
788 1049 868 1111 agro
897 1049 1111 1112 compascens
1121 1027 1142 1092 ¹.
1184 1015 1309 1094 'Omne
1337 1027 1409 1108 hoc,
1436 1032 1524 1112 quod
1551 1031 1652 1111 uides,
1673 1052 1741 1114 quo
1766 1032 1887 1112 diuina,

493 1147 595 1221 atque
616 1139 762 1203 humana
784 1140 936 1205 conclusa
958 1149 1043 1218 sunt,
1061 1160 1163 1203 unum
1186 1148 1244 1216 est,
1264 1141 1413 1204 membra
1435 1161 1549 1206 sumus
1574 1143 1718 1225 corporis
1744 1143 1855 1225 magni
1864 1141 1887 1206 ².

495 1249 542 1314 Et
560 1250 702 1314 mundus
719 1269 822 1314 unum
840 1260 890 1316 est
910 1271 1028 1333 corpus
1045 1251 1180 1317 scilicet.
1225 1252 1354 1317 Natura
1372 1261 1484 1316 autem
1506 1273 1566 1316 nos
1586 1263 1743 1335 cognatos
1763 1254 1886 1324 edidit:

494 1379 570 1425 cum
592 1382 637 1426 ex
656 1361 783 1436 iisdem,
807 1371 840 1426 et
863 1362 896 1424 in
919 1363 1036 1426 eadem
1059 1362 1218 1445 gigneret.
1264 1362 1359 1427 Haec
1378 1363 1472 1426 nobis
1491 1371 1642 1426 mutuum
1661 1364 1779 1428 indidit
1797 1385 1888 1429 arno-

494 1491 573 1547 rem,
597 1480 632 1536 et
654 1471 825 1537 sociabiles
846 1472 933 1538 lecit.
976 1472 1093 1556 Atque
1115 1474 1255 1538 societas
1272 1472 1354 1538 haec
1377 1483 1488 1538 nostra
1509 1474 1658 1556 lapidum
1681 1474 1887 1541 somicationi

493 1583 669 1661 simillima,
685 1603 826 1659 casurae,
842 1584 903 1648 nisi
921 1583 1062 1648 inuicem
1081 1585 1252 1650 obstarent
1269 1596 1304 1649 et
1321 1585 1518 1650 sustinerent
1534 1605 1570 1649 se
1584 1585 1710 1669 lapides
1719 1585 1743 1648 ³.
1785 1586 1887 1669 Quod

492 1694 659 1778 praeclare
685 1695 823 1761 Seneca.
877 1695 923 1759 Et
948 1695 1038 1778 quod
1065 1693 1198 1774 Gellius,
1220 1695 1314 1778 quasi
1337 1706 1453 1761 mutuo
1476 1697 1626 1775 aduersu,
1649 1706 1684 1761 et
1709 1695 1792 1761 suita
1815 1697 1886 1760 nisu

493 1806 643 1871 consistit
653 1805 676 1870 ⁴.
721 1805 817 1871 Haec
832 1809 957 1870 ‘rerum
976 1807 1150 1870 concordia
1168 1805 1309 1872 discors!
1332 1815 1369 1870 ut
1384 1807 1432 1871 ait
1455 1806 1615 1871 Horatius
1624 1806 1646 1872 ὅ.
1690 1806 1807 1890 Atque
1828 1828 1888 1872 nos

493 1919 594 1982 etiam
613 1927 721 1982 antea.
766 1918 865 1982 Nunc
880 1939 958 1982 uero
975 1919 1078 1997 audis,
1094 1927 1202 1983 toturn
1221 1918 1381 1982 mundum
1396 1939 1467 1983 esse
1483 1939 1600 2001 corpus
1616 1940 1727 1998 unum,
1741 1929 1775 1986 et
1793 1920 1887 1985 hom-

492 2029 563 2094 ines
578 2050 694 2093 omnes
712 2030 859 2093 membra
874 2049 946 2093 esse
960 2028 1058 2094 huius
1075 2031 1228 2113 corporis,
1243 2039 1276 2095 et
1297 2031 1457 2094 mundum
1472 2030 1609 2094 domum
1627 2050 1700 2095 esse
1717 2031 1831 2095 audis:
1853 2040 1888 2098 et

493 2161 564 2204 esse
582 2140 759 2205 ciuitatem.
805 2140 902 2224 Quae
918 2141 995 2204 audi
1015 2159 1132 2220 rursus,
1149 2158 1225 2205 nam
1248 2141 1360 2223 pulcra
1380 2150 1466 2206 sunt.
1511 2141 1675 2204 ‘Mundus
1698 2142 1816 2206 domus
1835 2152 1888 2207 est

493 2251 664 2316 ‘maxima
691 2251 818 2315 rerum’
843 2252 889 2317 sic
913 2252 1027 2317 Uarro.
1082 2252 1137 2317 ‘Si
1164 2253 1286 2316 sociale
1310 2252 1434 2316 animal
1458 2252 1560 2316 homo
1586 2261 1645 2330 est,
1671 2262 1705 2318 et
1733 2254 1767 2316 in
1797 2273 1887 2317 com·

495 2367 619 2426 ‘mune
639 2363 779 2445 genitus,
803 2363 963 2427 mundum
986 2373 1023 2426 ut
1048 2385 1147 2428 unam
1170 2365 1308 2428 domum
1328 2362 1479 2446 spectat?
1507 2364 1553 2427 sic
1579 2363 1707 2428 Seneca
1736 2366 1854 2428 iterum
1864 2367 1886 2429 ⁰.

494 2473 660 2537 Mundum
674 2473 755 2538 dicit
771 2474 1027 2557 rempublicam:
1054 2475 1247 2540 Lactantius
1256 2474 1278 2540 ⁷.
1324 2475 1483 2558 Magnam
1499 2475 1687 2546 ciuitatem:
1710 2497 1810 2540 unam
1826 2476 1887 2540 rei·
1986 2477 1989 2488 '

493 2584 645 2669 publicae
666 2584 815 2664 sormam,
835 2595 868 2649 et
891 2605 993 2648 unum
1018 2585 1068 2649 ius
1091 2583 1289 2650 habentem:
1321 2585 1415 2649 Philo
1425 2584 1447 2649 ⁸.
1494 2585 1654 2651 Omnium
1677 2605 1776 2651 unam
1802 2606 1886 2650 rem·

492 2696 668 2780 publicam,
681 2707 716 2760 et
731 2717 940 2761 communem
957 2697 1104 2760 omnium
1121 2694 1298 2775 ciuitatem,
1310 2695 1540 2776 Tertullianus,
1550 2691 1734 2762 Minutilst
1760 2697 1886 2763 Urbem

494 2809 650 2872 maiorem
667 2808 768 2872 etiam
784 2806 983 2872 Aristoteles
992 2806 1043 2896 ¹⁰.
1064 2807 1234 2891 Quantum
1255 2827 1451 2872 consensum
1473 2805 1683 2891 sapientum?
1723 2807 1825 2873 Adde
1844 2810 1887 2872 de

493 2919 660 2999 societate,
674 2921 765 3003 quod
782 2920 906 2997 Cicero,
922 2918 1089 2984 ‘Societas
1107 2927 1166 2993 est,
1183 2913 1287 3003 (quod
1303 2919 1364 2982 etsi
1383 2919 1622 3001 saepedictum
1638 2928 1696 2998 est,
1711 2919 1885 2983 dicendum

493 3036 629 3095 ‘tamen
648 3041 698 3098 est
716 3027 860 3116 saepius)
876 3029 1033 3094 latissime
1050 3029 1185 3113 quidem
1204 3049 1289 3111 quae
1307 3039 1409 3111 patet,
1424 3028 1596 3093 hominum
1615 3029 1700 3094 inter
1715 3029 1886 3093 homines:

493 3143 650 3208 ‘interior
667 3162 780 3206 eorum
798 3142 854 3225 qui
873 3141 1019 3204 eiusdem
1038 3139 1146 3221 gentis
1165 3149 1261 3203 sunt:
1288 3140 1421 3222 propior
1438 3161 1550 3204 eorum
1568 3141 1624 3223 qui
1643 3141 1790 3204 eiusdem
1809 3141 1887 3206 ciui-

493 3251 614 3320 ‘tatis.'
659 3255 706 3320 Et
726 3253 825 3332 alibi3
849 3253 922 3316 ‘Ita
944 3253 1014 3316 nati
1036 3272 1157 3330 sumus,
1180 3260 1217 3314 ut
1239 3251 1324 3315 inter
1345 3271 1460 3314 omnes
1478 3251 1521 3315 sit
1543 3252 1683 3317 societas
1702 3252 1885 3335 quaedam:

494 3367 621 3430 ‘maior
643 3373 764 3445 autern,
780 3375 817 3430 ut
838 3365 977 3448 quisque
995 3362 1148 3445 proxime
1169 3361 1305 3427 accedit.
1335 3362 1423 3426 ciues
1441 3362 1585 3444 potiores
1602 3362 1789 3446 peregrinis,
1811 3382 1887 3445 pro·

494 3478 630 3561 ‘pinqui
645 3477 757 3542 alienis
767 3471 811 3542 ¹¹.’
855 3475 900 3539 Et
915 3485 981 3539 tres
999 3476 1046 3539 ita
1060 3473 1268 3556 Augustinus
1287 3482 1380 3538 notat
1398 3473 1580 3549 societates,
1596 3473 1737 3558 primam
1760 3475 1886 3552 domus,

492 3591 671 3654 secundam
694 3587 791 3668 urbis,
813 3588 944 3653 tertiam
970 3583 1067 3650 orbis.
1100 3595 1201 3668 atque
1225 3585 1280 3664 ait,
1306 3585 1494 3650 coniunctas
1523 3586 1557 3648 in
1582 3586 1662 3649 orbe
1686 3594 1803 3669 gentes
1828 3605 1887 3668 per

492 3702 683 3766 societatem
712 3698 892 3764 humanam
901 3697 935 3763 ¹².
979 3695 1070 3780 Quid
1101 3717 1179 3761 uero
1205 3697 1268 3760 ista
1293 3697 1433 3762 societas
1458 3705 1492 3760 et
1518 3695 1724 3762 coniunctio?
1768 3697 1886 3760 ‘Bonis

491 3818 499 3846 ‘
516 3813 599 3876 inter
615 3813 720 3875 bonos
736 3811 830 3893 quasi
849 3809 1030 3874 necessaria
1047 3807 1276 3872 beneuolentia
1293 3806 1349 3890 qui
1366 3807 1531 3872 amicitiae
1548 3807 1621 3872 lons
1638 3824 1659 3872 a
1677 3816 1793 3872 natura
1810 3828 1887 3874 con·

436 3973 439 3980 .
494 3924 658 3999 ‘stitutus
677 3922 735 3985 sed
756 3923 873 3986 eadem
890 3921 1021 3985 bonitas
1043 3919 1144 3983 etiam
1166 3919 1209 3982 ad
1233 3917 1479 3982 multitudinem
1501 3918 1651 4001 pertinet.
1696 3919 1775 3982 Non
1798 3919 1886 3983 enirn

494 4039 567 4097 ‘est
589 4030 767 4096 inhumana
790 4033 900 4109 uirtus,
919 4051 1024 4114 neque
1046 4028 1207 4105 immanis,
1226 4049 1332 4111 neque
1356 4030 1505 4112 superba,
1523 4051 1609 4113 quae
1627 4030 1726 4095 etiam
1745 4030 1886 4114 populos

493 4312 502 4343 ¹
519 4311 583 4362 Plut.
597 4321 618 4358 1.
630 4309 662 4359 de
671 4307 736 4358 Uirt.
749 4307 820 4358 Alex.
833 4311 869 4372 (p.
883 4308 950 4372 3²9)·
1022 4305 1031 4333 ²
1048 4305 1153 4370 Niceph.
1166 4303 1210 4354 Gr.
1221 4305 1264 4355 hb.
1277 4320 1301 4368 4
1372 4303 1454 4356 ’Sem
1466 4305 1514 4371 Ep.
1526 4305 1566 4368 96.
1632 4305 1724 4358 ‘Gell
1737 4307 1781 4358 lib.
1793 4307 1817 4357 6.
1828 4323 1848 4358 c.
1865 4321 1884 4356 1.

590 4392 601 4422 ⁸
618 4391 683 4440 Hor.
696 4404 718 4439 r.
729 4389 777 4456 Ep.
791 4403 829 4438 rr.
844 4403 881 4454 ¹9·
1022 4387 1033 4416 ⁶
1048 4387 1104 4439 Seu.
1115 4387 1160 4438 ult.
1172 4386 1203 4437 de
1215 4385 1298 4438 Benel.
1440 4385 1450 4418 ¹
1467 4387 1537 4439 Iact.
1549 4387 1581 4438 de
1592 4389 1633 4437 Ira
1645 4387 1701 4438 Dei.
1713 4405 1736 4440 c.
1750 4404 1787 4440 10.

558 4475 569 4506 ¹
585 4473 649 4527 Phil.
660 4473 725 4526 lose.
737 4474 774 4539 (p.
786 4473 855 4536 531).
1044 4469 1054 4499 ⁹
1072 4470 1103 4519 T.
1116 4468 1192 4535 Apol.
1204 4485 1225 4521 c.
1239 4479 1287 4532 573
1304 4469 1342 4521 M.
1355 4470 1412 4521 Oct.
1601 4471 1619 4500 ¹⁰
1636 4471 1712 4521 Arist.
1723 4471 1755 4522 de
1766 4471 1820 4523 Mu.

673 4555 691 4586 ²¹
708 4555 761 4608 cre
773 4570 796 4622 3.
807 4552 898 4606 aeon.
914 4563 957 4616 17;
974 4553 1043 4603 mer.
1055 4565 1078 4616 ⁵·
1358 4539 1390 4583 '¹²
1406 4555 1473 4618 Aug.
1488 4568 1525 4619 19.
1537 4554 1568 4604 ue
1579 4553 1634 4604 cru.
1646 4570 1667 4604 c.
1681 4571 1703 4618 ³.
