4604 5562
493 668 553 732 118
977 675 1181 730 ALBERICI
1208 675 1410 730 GENTILIS

490 923 542 988 sit.
588 922 737 987 Stolidae
751 920 978 1004 argutationes
993 920 1077 985 istae
1095 927 1181 984 sunt.
1228 920 1305 984 Non
1330 921 1571 1001 Innocentium,
1587 941 1654 986 non
1671 922 1727 1006 qui
1743 923 1892 1007 sequitur

491 1034 732 1112 Innocentium,
754 1053 888 1116 possum
914 1031 1055 1114 probare
1081 1031 1117 1096 P.
1145 1029 1367 1112 castrensem,
1389 1033 1545 1111 dicentes,
1568 1033 1688 1098 iustam
1715 1055 1788 1098 esse
1813 1035 1892 1098 belli

490 1165 641 1210 caussam
663 1154 778 1209 contra
800 1143 960 1222 infideles,
979 1142 1173 1206 charitatem
1184 1140 1204 1208 ¹.
1249 1142 1322 1206 Nec
1345 1151 1458 1207 tamen
1481 1144 1632 1228 improbo
1655 1145 1893 1228 Dagobertum,

491 1255 648 1322 Carolum
679 1256 851 1338 Magnum,
879 1255 992 1319 diuum
1020 1253 1238 1332 Ludouicum,
1265 1254 1321 1336 qui
1352 1255 1449 1319 istam
1479 1256 1710 1320 necessitatem
1737 1257 1892 1321 audiendi

406 1387 408 1392 ’
489 1368 738 1434 concionatores
762 1366 854 1432 uerbi
880 1365 982 1430 diuini
1010 1364 1130 1444 Frisiis,
1153 1363 1336 1442 Saracenis,
1355 1365 1448 1430 Afris
1474 1367 1692 1432 iniunxemnt.
1724 1387 1800 1432 nam
1825 1369 1892 1433 uic-

488 1482 531 1545 tis
556 1481 794 1544 iniunxerunt:
825 1497 892 1541 non
918 1486 1091 1541 mouerunt
1117 1486 1292 1559 propterea
1314 1475 1471 1542 bellum².
1517 1478 1614 1562 Quae
1638 1479 1680 1542 de
1706 1480 1802 1544 uictis
1828 1480 1893 1544 alia

488 1590 639 1675 quaestio
661 1600 731 1655 est:
762 1590 806 1653 de
828 1609 895 1672 qua
917 1588 1050 1670 explico
1072 1588 1105 1650 in
1129 1589 1227 1652 tertio
1249 1587 1341 1653 libro.
1387 1588 1500 1653 Etiam
1523 1589 1713 1671 probaueris
1737 1589 1892 1654 Carolum

489 1703 699 1768 Marcellum:
729 1701 785 1784 qui
811 1700 938 1764 bellum
965 1698 1069 1763 mouit
1095 1708 1232 1782 propter
1254 1699 1351 1764 istam
1379 1720 1529 1765 caussam
1552 1702 1729 1766 aduersum
1756 1703 1890 1766 eosdem

489 1815 621 1880 Frisios.
652 1834 730 1878 nam
745 1813 789 1888 hi,
806 1811 885 1876 olim
902 1812 988 1890 uicti,
1004 1812 1038 1875 id
1054 1811 1163 1895 ipsum
1181 1831 1227 1874 ex
1245 1809 1377 1876 foedere
1392 1812 1570 1877 debebant.
1616 1813 1746 1877 Bellum
1762 1834 1891 1878 sacrum

488 1934 603 1990 contra
633 1925 828 2003 Phocenses,
854 1932 888 1987 et
920 1921 1027 1986 simile
1059 1921 1219 1986 indictum
1248 1921 1421 2005 Spartanis
1450 1923 1493 1987 ab
1525 1923 1670 2006 Argiuis,
1695 1935 1729 1989 et
1761 1935 1891 2009 gestum

488 2037 677 2121 quingentis
701 2034 745 2099 ab
771 2035 847 2098 hinc
873 2035 968 2097 annis
993 2035 1027 2096 in
1054 2033 1161 2116 Syria,
1188 2034 1234 2098 sic
1260 2033 1456 2112 defenditur,
1483 2037 1573 2118 quod
1604 2035 1744 2101 honesta
1776 2058 1891 2102 caussa

488 2149 550 2213 fuit
577 2147 687 2212 ulcisci
714 2145 842 2228 templa
868 2154 979 2210 nostra
1006 2153 1041 2208 et
1065 2165 1256 2209 communes
1283 2144 1456 2228 religiones
1479 2145 1628 2212 uiolatas.
1658 2156 1695 2211 ut
1721 2148 1767 2212 ita
1790 2149 1893 2214 Lace-

486 2259 652 2324 daemonii
679 2266 713 2322 et
739 2258 782 2321 ob
808 2255 890 2320 alias
916 2275 1056 2334 caussas,
1078 2265 1112 2320 et
1138 2256 1181 2320 ob
1204 2256 1290 2321 hanc
1314 2265 1449 2320 mouent
1471 2256 1596 2322 bellum
1619 2257 1892 2340 Atheniensibus,

487 2373 543 2454 qui
560 2369 785 2435 communium
804 2369 998 2451 religionum
1014 2367 1189 2431 uiolatores
1207 2369 1296 2450 apud
1315 2388 1351 2432 se
1369 2368 1530 2434 haberent
1540 2367 1562 2434 ⁸.
1604 2369 1649 2434 Et
1667 2369 1892 2437 Athenienses

488 2491 602 2546 contra
618 2479 909 2558 Lacedaemonios,
923 2478 979 2561 qui
996 2479 1134 2542 eductos
1148 2479 1191 2542 de
1206 2478 1339 2560 templis
1355 2479 1519 2562 supplices
1537 2480 1763 2547 obtruncarint
1777 2493 1893 2548 contra

488 2596 539 2657 ius
561 2593 719 2676 gentium.
767 2590 862 2655 Haec
891 2591 1031 2655 honesta
1060 2589 1138 2654 belli
1172 2610 1307 2655 caussa:
1341 2611 1428 2672 quae
1451 2592 1643 2656 communis.
1689 2594 1780 2677 Quid
1812 2595 1891 2659 mihi

488 2705 654 2787 improbet
685 2701 884 2786 reliquisque
912 2700 1140 2779 Couarruuias,
1170 2701 1259 2766 aliud
1290 2701 1424 2780 bellurn,
1454 2704 1544 2785 quod
1575 2705 1789 2769 uiolatoribus
1815 2707 1892 2771 iuris

489 2827 635 2895 naturae,
650 2815 727 2879 iuris
750 2813 944 2892 communis,
960 2813 1104 2892 insertur,
1119 2812 1184 2877 illis
1206 2812 1497 2896 anthropophagis,
1513 2823 1548 2878 et
1568 2815 1878 2881 concubitoribus⁴i

542 2927 673 2992 Bellum
704 2925 741 2990 fit
771 2926 885 3009 piratis
911 2926 1004 2990 iuste.
1047 2915 1096 2989 'Et
1119 2934 1295 2990 mouerunt
1325 2926 1410 2990 iuste
1440 2926 1585 2991 Romani
1608 2938 1723 2993 contra
1751 2929 1891 3013 Illyrios,

488 3040 652 3118 Baleares,
681 3038 820 3103 Cilices:
854 3039 916 3102 etsi
945 3036 1027 3101 nihil
1050 3038 1288 3116 Romanorum,
1310 3045 1368 3102 aut
1394 3038 1567 3118 sociorum,
1597 3040 1892 3106 coniunctorumue

488 3154 627 3218 aliorum
661 3151 848 3235 attigissent
881 3150 943 3214 isti.
975 3169 1052 3215 nam
1083 3149 1249 3214 uiolamnt
1279 3169 1457 3215 commune
1489 3151 1540 3215 ius
1571 3153 1731 3235 gentium.
1788 3153 1834 3218 Et
1864 3156 1891 3218 si

488 3266 665 3330 aduersum
699 3264 822 3346 piratas
855 3261 935 3326 facit
972 3262 1082 3340 etiam,
1109 3261 1199 3344 quod
1232 3271 1304 3325 tum
1335 3261 1479 3344 proximi
1513 3261 1665 3343 charitas,
1692 3273 1726 3328 et
1759 3274 1796 3329 ut
1830 3265 1891 3329 sub

488 3378 664 3441 securitate
690 3375 724 3438 in
752 3394 834 3457 pace
860 3375 1000 3452 uiuatur,
1026 3382 1133 3438 armat
1158 3392 1273 3437 omnes
1300 3373 1407 3437 iuste:
1442 3383 1554 3438 tamen
1582 3385 1615 3440 et
1642 3397 1817 3441 commune
1843 3377 1892 3442 ius

488 3490 597 3572 ipsum
613 3487 738 3552 laesum
754 3486 952 3568 generaliter
969 3485 1058 3550 idem
1076 3484 1234 3562 attribuit,
1250 3492 1283 3547 et
1302 3486 1485 3549 communis
1503 3495 1620 3550 natura
1637 3487 1727 3552 laesa
1736 3488 1758 3554 ⁵.
1804 3489 1891 3553 Pira-

488 3602 555 3664 tica
573 3606 624 3663 est
645 3608 760 3664 contra
780 3598 829 3661 ius
848 3597 1006 3680 gentium,
1022 3604 1056 3661 et
1079 3605 1194 3660 contra
1215 3595 1381 3659 humanae
1403 3598 1571 3662 societatis
1594 3601 1859 3664 communionem
1869 3602 1891 3665 ⁶.

369 3740 373 3746 ⁴
490 3713 536 3775 Et
559 3712 670 3793 itaque
696 3719 900 3793 promeretur
926 3707 1050 3773 bellum
1074 3709 1117 3772 ab
1143 3707 1318 3773 omnibus:
1352 3707 1430 3790 quia
1456 3709 1489 3772 in
1513 3731 1553 3774 eo
1575 3710 1644 3775 iure
1670 3711 1749 3776 laesi
1776 3733 1891 3778 omnes

489 3822 599 3886 laeso:
624 3830 658 3885 et
680 3819 798 3902 singuli
823 3821 856 3882 in
878 3839 915 3882 se
937 3819 1024 3883 laedi
1047 3818 1203 3900 deinceps
1224 3827 1383 3900 possunt:
1407 3839 1449 3882 an
1473 3839 1538 3885 non
1562 3831 1613 3886 est
1635 3821 1702 3887 ita?
1749 3825 1794 3889 Et
1813 3846 1892 3908 ergo

489 3933 647 4016 quoniam
670 3931 757 3995 laedi
780 3951 956 4013 possumus
978 3930 1058 3993 item
1080 3929 1200 4011 singuli
1219 3930 1262 3993 ab
1280 3929 1351 3993 istis
1370 3929 1585 3997 uiolatoribus
1603 3943 1748 4015 naturae,
1766 3937 1891 4002 bellum

490 4044 616 4108 eisdem
646 4042 702 4106 fiet
730 4062 751 4105 a
776 4041 921 4124 singulis.
975 4040 1114 4104 Nullum
1141 4061 1250 4122 neque
1276 4041 1329 4104 his
1355 4043 1495 4106 debetur
1523 4045 1582 4124 ius,
1608 4048 1664 4130 qui
1698 4047 1748 4112 ius
1777 4049 1892 4131 sasque

490 4174 589 4220 omne
619 4154 819 4236 abruperint,
843 4164 876 4218 et
899 4152 964 4237 qui,
985 4153 1149 4216 coniuncti
1176 4153 1209 4217 in
1232 4154 1351 4217 eadem
1375 4164 1493 4220 natura
1523 4157 1704 4238 nobiscum,
1731 4161 1889 4225 iunctioni

489 4266 565 4330 huic
580 4274 760 4348 aspergunt
777 4265 924 4330 maculas
938 4263 1188 4328 abominandas.
1246 4264 1302 4330 Sic
1317 4275 1368 4331 est
1383 4286 1449 4331 non
1466 4268 1566 4333 modo
1582 4269 1677 4335 ciuile
1692 4271 1742 4336 ius
1757 4273 1890 4354 sponsio

505 4489 612 4541 ¹Cestr.
624 4490 686 4555 Rep.
698 4488 715 4539 l.
728 4501 750 4552 5.
762 4486 794 4537 de
805 4487 862 4538 iust.
874 4486 920 4550 (D.
933 4500 954 4535 r.
969 4487 1003 4550 1).
1078 4467 1410 4553 '1’.Aemil.lib.1.a.7.¹
1470 4491 1874 4555 'Thuclib.r;Diod.12.16.

521 4571 639 4624 ‘Causa
652 4574 714 4639 Reg.
727 4573 796 4622 Peos.
809 4586 833 4636 p.
847 4575 950 4630 atro.
1015 4569 1095 4620 ⁵1u1.
1108 4585 1131 4636 5.
1144 4586 1212 4622 cons.
1225 4572 1418 4637 4395Castr.l.
1433 4587 1453 4624 r.
1467 4574 1565 4626 deiust.
1631 4575 1732 4642 ⁸e15.
1747 4590 1784 4641 ¹4
1797 4593 1820 4642 q.
1833 4593 1856 4641 5.
