4456 5566
727 718 788 772 DE
817 716 921 770 roas
949 715 1083 788 sarrs,
1112 714 1240 787 arar,
1271 713 1359 772 cna
1381 716 1420 772 X.
1727 721 1772 790 45

374 959 472 1024 armis
490 960 666 1026 decertare.
712 959 817 1026 Sileat
840 969 951 1025 noster
969 959 1134 1038 Politicus,
1152 957 1207 1042 qui
1226 957 1313 1022 dixit
1331 978 1472 1038 necesse,
1489 958 1589 1023 annis
1607 960 1772 1026 interdum

373 1073 558 1152 decertare3
577 1074 658 1138 dum
673 1092 766 1138 suam
782 1071 972 1156 religionem
988 1071 1109 1154 singuli
1123 1070 1195 1135 aliis
1211 1070 1373 1134 anteferre
1387 1080 1567 1137 conantur:
1583 1081 1642 1137 aut
1657 1072 1772 1158 religio

374 1202 437 1248 non
460 1183 503 1248 sit
525 1183 649 1268 religio,
667 1205 753 1268 quae
774 1185 821 1250 sic
843 1183 984 1266 frigeret.
1030 1182 1121 1267 Quid
1143 1179 1213 1246 ais?
1259 1179 1334 1264 Ego
1356 1182 1480 1264 praelia
1503 1192 1536 1248 et
1558 1183 1647 1248 bella
1672 1186 1773 1250 audio

374 1294 446 1374 illic,
465 1296 522 1360 ubi
544 1295 692 1380 religioni
714 1297 811 1361 alicui
835 1316 902 1360 non
924 1298 1022 1360 datur
1043 1295 1142 1360 locus.
1184 1293 1256 1358 Illic
1279 1315 1345 1358 non
1363 1294 1471 1372 audio,
1490 1295 1547 1359 ubi
1565 1296 1703 1361 diuersis
1721 1308 1773 1362 est

374 1405 463 1471 locus
489 1407 710 1490 religionibus,
756 1407 830 1472 Imo
853 1407 967 1490 religio
994 1427 1059 1470 non
1084 1416 1134 1470 est
1153 1401 1255 1490 (quod
1279 1406 1346 1469 scio
1371 1405 1540 1470 Cuiacium
1567 1407 1716 1488 scribere,
1739 1418 1773 1474 et

374 1526 422 1582 est
438 1517 658 1605 uerissimum)
670 1539 757 1602 quae
772 1519 857 1584 calet
872 1520 905 1582 in
922 1519 1040 1583 caedes
1055 1517 1184 1598 ciuium,
1197 1527 1231 1582 et
1247 1517 1425 1600 perniciem
1440 1518 1574 1599 patriae.
1600 1518 1773 1604 Aegyptii,

375 1629 401 1692 si
419 1649 494 1693 cum
513 1632 675 1712 portentis
693 1630 755 1694 illis
773 1631 968 1722 religionum
991 1629 1198 1714 impetebant
1216 1651 1251 1693 se
1268 1628 1365 1693 bellis
1382 1629 1504 1692 mutuis
1522 1651 1566 1694 ex
1584 1630 1647 1696 hac
1666 1651 1772 1712 causa,

375 1735 475 1826 (quod
494 1744 584 1824 apud
600 1742 854 1826 Trismegistum
876 1741 958 1825 lego,
975 1751 1008 1806 et
1024 1741 1168 1806 Dionem
1178 1737 1203 1829 1)
1219 1761 1262 1804 an
1281 1760 1347 1804 non
1365 1740 1426 1804 tibi
1444 1761 1519 1805 curn
1538 1751 1649 1806 satura
1667 1742 1771 1809 babiti

374 1853 551 1934 portento?
596 1853 713 1919 Nescis
731 1855 774 1919 de
790 1855 947 1933 Diodoro,
965 1875 1030 1918 non
1054 1863 1121 1933 tuo,
1136 1853 1193 1918 sed
1211 1851 1332 1931 Siculo,
1348 1854 1455 1917 uarias
1470 1852 1543 1918 illas
1561 1855 1594 1918 in
1609 1852 1772 1939 Aegypto

374 1963 546 2047 religiones
564 1964 640 2031 huic
658 1965 717 2030 fini
738 1965 890 2030 inductas
912 1987 932 2030 a
955 1985 1040 2048 rege,
1056 1974 1092 2028 ut
1115 1963 1238 2029 subditi
1257 1964 1461 2044 dissiderent,
1478 1973 1512 2029 et
1534 1966 1567 2028 in
1586 1966 1771 2050 Principem

374 2096 437 2140 non
460 2076 693 2160 conspirarent,
717 2078 797 2141 dum
819 2076 915 2140 alteri
938 2075 1060 2140 alteros
1083 2077 1221 2140 oderant
1242 2075 1336 2157 quasi
1362 2073 1526 2159 impi0s2?
1571 2077 1625 2141 Ne
1648 2079 1771 2143 addam
1868 2122 1872 2130 -

373 2187 469 2268 aliud,
489 2189 579 2272 quod
606 2197 733 2253 tentare
756 2189 802 2253 ita
826 2187 1019 2270 patientiam
1039 2186 1274 2270 Aegyptorum
1298 2186 1440 2252 uoluerit
1460 2207 1520 2252 rex
1540 2188 1595 2252 ille
1617 2190 1740 2254 Busiris
1749 2189 1772 2256 ³.

374 2298 422 2365 At
437 2320 497 2364 nos
512 2302 556 2364 de
567 2300 717 2384 Principe
731 2300 919 2382 quaerimus
936 2298 992 2382 qui
1006 2297 1189 2381 legitimam
1201 2297 1440 2380 praefecturam
1456 2307 1551 2381 putet
1563 2298 1737 2383 imperium
1748 2299 1771 2367 ⁴.

373 2413 514 2494 quinon
536 2411 629 2476 malit
649 2421 809 2494 tyrannus
832 2431 912 2486 esse,
932 2429 1032 2494 quam
1055 2409 1169 2493 populi
1193 2418 1295 2492 pater.
1326 2409 1381 2492 qui
1405 2429 1471 2474 non
1493 2411 1579 2475 adeo
1597 2410 1678 2476 uelit
1699 2414 1772 2485 sibi.

374 2543 472 2605 quam
490 2523 557 2587 suis
576 2542 719 2606 regnare.
750 2523 806 2605 qui
829 2522 928 2605 pacis,
951 2531 984 2585 et
1006 2521 1137 2600 amoris,
1159 2541 1225 2584 non
1248 2521 1455 2600 seditionum,
1479 2530 1512 2586 et
1533 2522 1770 2590 discordiamm

374 2643 493 2714 auctor,
512 2642 546 2698 et
568 2643 667 2718 caput
690 2633 742 2698 sit.
787 2632 855 2698 Sed
879 2642 912 2697 et
935 2642 1050 2715 specta
1071 2630 1222 2696 homines
1240 2630 1402 2715 Aegypti.
1448 2631 1557 2716 Supra
1577 2632 1660 2699 alios
1682 2635 1769 2702 soliti

374 2767 415 2810 ex
433 2745 574 2811 scintilla
593 2745 729 2809 minima
750 2743 843 2827 ignes
866 2764 1004 2827 magnos
1026 2744 1205 2809 accendere
1215 2743 1237 2810 ⁶.
1282 2742 1393 2808 ‘Sunt
1417 2745 1504 2808 enim
1523 2743 1686 2829 Aegyptii
1709 2749 1769 2813 uiri

375 2859 382 2890 ‘
396 2857 532 2936 uentosi,
544 2855 718 2937 furibundi,
730 2856 897 2935 iactantes,
909 2854 1062 2935 iniuriosi,
1072 2863 1172 2938 atque
1183 2855 1269 2920 adeo
1280 2855 1365 2935 uani,
1374 2854 1476 2936 liberi,
1488 2876 1649 2921 nouarum
1661 2879 1769 2924 rerum

374 2971 381 3000 ⁶
396 2967 572 3052 cupientes,
587 2977 621 3032 et
642 2968 762 3050 quibus
782 2967 967 3051 praesentia
989 2987 1120 3049 semper
1135 2985 1210 3031 cum
1230 2967 1354 3031 enormi
1372 2941 1524 3032 libertate
1542 2969 1738 3052 displiceant
1747 2971 1769 3038 ⁰.

376 3079 419 3144 Et
432 3082 528 3146 addit
543 3081 683 3144 Latinus
697 3079 869 3144 historicus
884 3077 1060 3162 epistolam
1070 3077 1219 3158 Adriani,
1231 3079 1264 3141 in
1280 3099 1346 3162 qua
1361 3079 1450 3144 idern
1466 3080 1615 3161 traditur,
1630 3081 1769 3167 Aegyp-

375 3201 444 3257 tum
458 3201 565 3258 totam
580 3192 698 3272 leuem,
710 3191 898 3275 pendulam,
910 3202 944 3256 et
959 3192 1001 3256 ad
1017 3191 1130 3255 omnia
1143 3189 1253 3255 famae
1268 3200 1438 3256 momenta
1450 3190 1655 3274 uolitantem,
1664 3215 1769 3278 genus

374 3301 542 3369 hominum
557 3304 878 3383 seditiosisissimum,
891 3302 1114 3381 uanissimum,
1129 3301 1421 3366 iniuriosissirnum.
1453 3302 1499 3366 Et
1515 3304 1633 3368 eadem
1648 3304 1704 3368 alii
1719 3315 1767 3370 at·

374 3424 541 3496 testantur,
551 3417 651 3481 etiam
664 3437 707 3480 ex
717 3413 905 3499 Aegypt0⁷.
925 3414 1020 3479 Haec
1032 3412 1163 3477 illorum
1175 3421 1292 3477 natura
1303 3414 1423 3478 dicitur
1434 3434 1548 3478 caussa
1559 3416 1768 3498 seditionum,

374 3530 454 3593 etin
470 3529 566 3594 rebus
582 3528 756 3611 religionis.
786 3526 842 3592 Sic
858 3525 1069 3604 ‘Patriarcha,
1081 3545 1156 3588 cum
1168 3522 1366 3608 Aegyptum
1382 3525 1517 3604 uenerit,
1529 3526 1572 3589 ab
1587 3526 1659 3590 aliis
1671 3527 1769 3593 Sera-

376 3640 502 3722 ‘pidem
520 3642 664 3719 adorare,
682 3640 726 3703 ab
747 3637 820 3702 aliis
841 3637 970 3719 cogitur
994 3635 1181 3722 Christum!
1228 3634 1283 3700 Sic
1306 3643 1463 3716 narratur,
1486 3639 1768 3719 quemadmodum

375 3749 571 3817 Aurelianus
592 3751 705 3816 diuina
722 3750 926 3834 praeceperit
942 3757 1053 3813 mente
1069 3747 1258 3826 Saturnino,
1277 3748 1347 3812 uiro
1363 3746 1469 3826 Gallo,
1484 3757 1518 3812 et
1537 3749 1623 3814 Duci
1639 3771 1769 3835 magno,

317 3875 319 3878 ’
375 3883 414 3928 ne
430 3884 577 3948 unquam
594 3862 790 3948 Aegyptum
814 3863 949 3927 uideret.
995 3859 1174 3943 Cogitabat
1191 3860 1279 3923 enirn
1297 3860 1348 3924 uir
1365 3860 1639 3943 prudentissimus
1656 3863 1770 3930 Gallo·

375 3995 507 4060 nrmque
524 3984 676 4040 naturam
695 3973 978 4058 inquietissimam.
1015 3974 1060 4037 Et
1078 3973 1261 4051 uerebatur,
1276 3992 1326 4052 ne,
1342 3973 1369 4035 si
1387 3971 1613 4055 perturbidam
1632 3976 1769 4044 uidisset

376 4088 582 4168 prouinciam,
600 4109 667 4171 quo
682 4107 758 4152 eum
774 4095 891 4152 natura
906 4086 1058 4166 ducebat,
1074 4085 1231 4150 societate
1245 4104 1377 4168 quoque
1395 4083 1567 4150 hominum
1585 4087 1768 4157 duceretur.

468 4362 948 4426 ¹rusm.aena.ne0.;o10.us.42.
1088 4361 1098 4389 ¹
1115 4361 1192 4412 moa.
1203 4360 1252 4411 stc.
1264 4360 1307 4411 us.
1321 4374 1343 4409 2.
1475 4361 1485 4392 ¹
1502 4323 1579 4413 ruer.
1592 4362 1670 4414 auu.

596 4443 606 4476 ⁴
623 4447 695 4498 Alex.
707 4447 781 4500 Com.
793 4452 872 4497 coust.
884 4443 1015 4496 Bonefidii.
1234 4442 1244 4472 ⁵
1260 4443 1325 4495 Phil.
1338 4443 1359 4492 F
1360 4443 1406 4495 lac.
1419 4445 1456 4509 (p.
1469 4443 1538 4510 967).

495 4530 506 4560 ⁸
521 4529 609 4595 Vopis.
622 4529 702 4580 Satur.
713 4545 736 4579 c.
750 4543 778 4586 ις
795 4528 855 4579 Dio.
866 4542 905 4594 39.
917 4542 958 4592 4²·
1114 4524 1125 4556 l
1142 4525 1264 4577 Herodis.
1278 4539 1299 4606 ¹:
1311 4542 1332 4576 c.
1346 4540 1395 4590 535
1416 4529 1501 4576 Amm.
1516 4541 1554 4576 η.
1566 4542 1589 4576 c.
1603 4525 1641 4578 16.
