4456 5566
481 869 519 914 10
965 861 1169 915 ALBERICI
1196 860 1397 914 GENTILIS

476 1122 609 1184 semper
633 1101 829 1168 habuerunt.
859 1113 892 1168 et
923 1103 1047 1167 firmius
1078 1103 1234 1166 iudicium
1265 1104 1416 1182 creditur,
1443 1102 1533 1186 quod
1561 1101 1777 1185 plurimorum
1804 1122 1878 1165 sen·

476 1216 589 1280 tentiis
605 1215 825 1279 confirmatur.
872 1214 962 1298 Quid
979 1217 1021 1279 de
1036 1215 1137 1298 gestis
1154 1235 1357 1280 summorum
1377 1216 1460 1294 dico,
1480 1225 1514 1278 et
1529 1215 1693 1278 bonorum
1713 1210 1881 1276 uirorum?

477 1326 529 1390 Ea
552 1326 713 1391 imitanda
734 1335 811 1390 sunt
833 1325 1004 1409 semper¹:
1035 1328 1204 1392 socordiae
1232 1328 1328 1405 enim,
1351 1337 1384 1390 et
1409 1325 1603 1409 proditionis
1627 1333 1685 1402 est,
1708 1323 1795 1389 nolle
1822 1345 1879 1388 eos

477 1437 606 1517 imitari,
632 1437 689 1521 qui
720 1437 803 1502 tanti
835 1437 974 1502 luerint:
1005 1447 1042 1502 ut
1069 1437 1158 1502 idem
1187 1439 1299 1502 scribit
1330 1437 1549 1514 Iustinianus3
1588 1435 1705 1519 ‘Quod
1737 1437 1879 1500 mundus

475 1550 627 1632 ‘probat
656 1569 722 1613 non
746 1550 853 1614 audeo
880 1545 1101 1633 improbare:'
1133 1549 1257 1614 Baldus
1285 1547 1484 1633 respondit².
1530 1548 1642 1612 Etiam
1673 1558 1880 1631 argumenta,

475 1669 509 1725 et
544 1661 686 1725 rationes
722 1660 845 1726 facient
881 1661 955 1726 hic:
992 1662 1276 1744 quemadmodum
1314 1660 1392 1724 alibi
1433 1659 1540 1724 iacere
1577 1658 1880 1723 animaduertimus

477 1771 567 1855 Quid
584 1770 638 1835 ni?
661 1773 781 1837 ‘Ratio
798 1781 831 1837 et
847 1783 897 1836 est
920 1782 1057 1836 naturae
1076 1773 1217 1837 imitatio
1226 1769 1258 1838 ³.’
1303 1773 1350 1837 Et
1366 1792 1472 1855 neque
1492 1792 1553 1856 ego
1572 1772 1631 1835 tibi
1653 1771 1727 1835 dico
1743 1771 1880 1834 demon-

478 1884 661 1962 strationes,
687 1904 771 1966 quas
798 1893 892 1966 petes
918 1906 938 1948 a
964 1883 1224 1961 Mathematico;
1258 1886 1316 1949 sed
1341 1883 1456 1966 quales
1481 1885 1543 1948 ista
1569 1882 1723 1948 tractatio
1747 1882 1879 1964 patitur,

479 1995 651 2058 suasorias.
697 1994 798 2078 Quod
821 2005 854 2059 et
878 1993 1075 2060 Aristoteles
1099 1996 1210 2060 scribit
1227 1996 1261 2059 in
1284 1995 1442 2078 principio
1462 1994 1570 2060 Ethic.
1615 1991 1797 2076 ‘Sapientis
1820 2001 1879 2070 est,

477 2109 637 2170 ‘eatenus
659 2116 814 2170 exactam
836 2107 869 2170 in
890 2126 1089 2190 unoquoque
1110 2128 1230 2190 genere
1249 2107 1504 2189 explicationem
1528 2105 1699 2188 requirere,
1717 2115 1879 2188 quatenus

436 2189 451 2214 ⁸*
477 2219 570 2300 ‘pati
595 2217 640 2280 rei
666 2217 766 2300 ipsius
791 2228 909 2282 natura
935 2218 1065 2303 potest.’
1111 2219 1217 2284 Erunt
1240 2220 1317 2282 iuris
1340 2219 1532 2284 Iustinianei
1555 2217 1659 2282 ciuilis
1682 2237 1741 2282 nec
1765 2237 1879 2300 pauca,

477 2349 564 2411 quae
582 2331 687 2412 aptari
707 2329 873 2409 ualebunt,
889 2340 947 2395 aut
965 2350 1051 2413 quae
1072 2330 1137 2395 illic
1153 2333 1309 2415 adspersa
1332 2330 1455 2395 dehoc
1479 2331 1547 2394 iure
1569 2338 1646 2394 sunt
1663 2327 1782 2392 bellico
1800 2348 1880 2410 gen·

478 2441 571 2504 tium.
618 2440 823 2507 Rectissime.
848 2463 924 2506 nam
944 2443 1028 2506 ratio
1051 2442 1208 2507 naturalis
1226 2442 1407 2506 secundum
1426 2441 1597 2505 hominum
1621 2449 1755 2524 captum
1777 2459 1880 2522 quan-

480 2552 590 2634 doque
605 2553 729 2617 uariat:
752 2563 786 2618 et
802 2554 896 2619 multi
913 2575 979 2618 non
995 2563 1065 2619 tam
1081 2555 1207 2618 ratione
1223 2554 1286 2633 illa,
1302 2574 1403 2637 quam
1419 2553 1594 2636 phantasia
1608 2561 1760 2635 aguntur.
1790 2552 1881 2636 leges

478 2672 591 2727 autem
608 2663 694 2728 latae
713 2685 733 2728 a
756 2665 1004 2748 sapientissimis
1023 2667 1107 2745 uiris,
1122 2676 1156 2730 et
1179 2667 1299 2731 iudicio
1318 2667 1425 2729 omnis
1443 2666 1543 2730 seculi
1564 2665 1776 2748 adprobatae,
1792 2673 1880 2728 certe

479 2794 552 2838 eam
569 2776 872 2855 rationemtenent,
887 2799 973 2861 quae
988 2778 1141 2842 Alciatus
1159 2778 1419 2860 sapientissimus
1429 2775 1452 2842 ⁴.
1499 2777 1595 2861 Quae
1615 2777 1736 2860 scripta
1754 2777 1879 2842 suntin

479 2885 569 2949 libris
584 2887 685 2950 sacris
701 2888 775 2966 Dei,
788 2909 953 2953 summam
970 2891 1087 2954 merito
1102 2890 1331 2954 auctoritatem
1347 2889 1565 2983 obtinebunt:
1585 2897 1762 2970 postquam
1778 2909 1880 2972 appa·

481 2997 590 3077 ruerit,
609 3018 676 3061 non
700 2998 862 3064 Hebraeis
885 3010 1016 3065 tantum
1040 3002 1161 3084 scripta
1184 3021 1263 3079 esse,
1286 3001 1343 3064 sed
1366 3001 1520 3064 omnibus
1541 3001 1737 3079 hominibus,
1761 3001 1881 3083 ubique

482 3110 642 3191 gentium,
667 3119 700 3174 et
729 3113 933 3193 temporibus
957 3114 1118 3177 omnibus.
1149 3113 1231 3176 haec
1257 3113 1343 3176 enim
1369 3133 1440 3176 esse
1465 3133 1563 3176 uerae
1589 3120 1733 3189 naturae,
1761 3113 1794 3176 id
1822 3123 1881 3190 est,

481 3222 672 3300 innocentis,
695 3243 734 3286 ac
757 3209 1107 3301 iustae,'certissimum
1131 3233 1190 3289 est.
1236 3223 1329 3288 Haec
1352 3225 1541 3288 testimonia
1564 3224 1638 3288 ilico
1660 3225 1773 3289 diuina
1795 3233 1880 3288 sunt.

480 3353 547 3396 non
566 3344 674 3416 egent,
690 3343 726 3398 ut
747 3335 879 3418 reliqua,
894 3337 1052 3418 gradibus
1067 3336 1139 3400 illis.
1184 3336 1301 3400 ‘Haec
1323 3337 1513 3401 testimonia
1535 3346 1662 3418 quanto
1683 3357 1769 3415 uera,
1787 3345 1882 3400 tanto

481 3445 687 3527 ‘simplicia:
711 3457 836 3528 quanto
857 3447 1026 3530 simplicia,
1047 3457 1141 3512 tanto
1161 3447 1332 3530 uulgaria:
1356 3457 1481 3530 quanto
1501 3448 1658 3530 uulgaria,
1677 3457 1771 3513 tanto
1792 3468 1881 3513 com-

481 3558 492 3612 ‘.
505 3556 638 3620 munia:
684 3567 809 3640 quanto
843 3560 1038 3638 communia,
1069 3568 1163 3624 tanto
1196 3558 1378 3623 naturalia:
1418 3567 1542 3641 quanto
1580 3559 1749 3636 naturalia,
1788 3567 1882 3623 tanto

481 3668 618 3731 ‘diuina
630 3667 661 3733 ⁶.’
704 3668 782 3752 Age
803 3670 909 3754 igitur,
924 3673 1058 3754 quando
1078 3692 1144 3737 non
1167 3672 1270 3748 deest,
1288 3671 1376 3735 unde
1397 3670 1512 3735 confici
1533 3671 1659 3753 possint
1676 3671 1882 3736 definitiones

482 3777 578 3842 huius
592 3777 701 3843 bellici
721 3781 805 3872 iuris,
821 3783 975 3864 agedum,
991 3784 1023 3846 in
1041 3783 1146 3865 ipsam
1163 3783 1393 3847 tractationem
1410 3781 1638 3863 ingrediamur.

1096 4032 1185 4104 Cur.
1219 4033 1269 4104 ll.

1027 4207 1130 4288 Belli
1153 4217 1342 4314 Definitio.

528 4400 687 4463 BELLUM
705 4407 755 4464 est
775 4399 980 4483 publicorum
997 4421 1162 4466 armorum
1186 4404 1272 4467 lusta
1288 4403 1465 4469 contentio.
1511 4404 1556 4469 Et
1575 4406 1709 4487 quidem
1725 4404 1804 4469 nihil
1821 4406 1881 4469 nisi

486 4513 697 4578 contenditur
719 4513 751 4576 in
773 4511 871 4577 bello.
911 4523 943 4578 et
967 4534 1133 4578 armorum
1158 4525 1208 4580 est
1231 4517 1408 4582 contentio.
1448 4537 1524 4580 nam
1547 4519 1674 4595 animis,
1698 4539 1762 4581 non
1784 4519 1883 4581 armis

598 4705 608 4737 ¹
625 4706 681 4756 Alc.
696 4720 717 4756 a.
731 4722 799 4756 cons.
814 4719 851 4768 13,
863 4713 888 4755 et
899 4721 923 4770 9.
934 4722 976 4771 44.
1142 4707 1152 4735 ²
1170 4707 1222 4757 Bal.
1234 4725 1257 4773 4.
1270 4725 1337 4758 cons.
1350 4709 1406 4773 49⁶·
1571 4711 1581 4740 ³
1597 4710 1654 4764 Seu.
1667 4711 1714 4775 Ep.
1727 4710 1766 4761 66.

744 4789 752 4818 ⁴
770 4790 825 4840 Alc.
839 4803 862 4852 5.
873 4805 941 4840 cons.
955 4792 995 4855 38.
1256 4791 1266 4822 ⁸
1283 4792 1350 4844 Tert.
1363 4793 1394 4843 de
1405 4793 1480 4844 Testi,
1494 4793 1552 4842 Ani.
1562 4808 1583 4843 c.
1597 4807 1619 4856 5.
