4456 5566
715 730 945 794 INDEX
990 731 1311 798 CAPITUM.

328 1045 398 1106 Cir.
457 1046 524 1106 VII.
569 1047 664 1108 Urbes
679 1049 772 1125 diripi,
787 1049 861 1110 dirui
882 1093 1619 1110 .........

352 1190 368 1214 ,,
442 1145 528 1204 VIII.
571 1146 617 1206 De
632 1148 755 1208 ducibus
770 1148 898 1208 bostium
912 1151 1005 1226 captis
1068 1192 1619 1208 .......

353 1289 368 1314 ,,
475 1245 528 1304 ΙΧ.
570 1245 616 1306 De
631 1248 722 1306 semis

362 1389 367 1413 ,
492 1344 528 1403 X.
571 1344 618 1404 De
633 1355 709 1406 statu
722 1347 863 1405 mutando
886 1389 1620 1405 .........

352 1488 367 1512 ,,
474 1442 527 1501 XI.
569 1443 616 1503 De
631 1445 778 1522 religionis
792 1446 972 1523 aliarumque
986 1463 1083 1505 rerurn
1097 1446 1258 1504 mutatione
1342 1491 1349 1505 .
1434 1491 1440 1503 .
1524 1491 1530 1505 .
1614 1489 1620 1504 .

351 1585 366 1610 „
464 1539 533 1600 XII.
576 1541 605 1601 Si
621 1543 688 1602 utile
703 1562 770 1603 curn
784 1543 909 1603 honesto
924 1555 1035 1621 pugnet
1064 1587 1618 1604 .......

352 1685 366 1708 „
449 1639 533 1700 XIII.
576 1639 622 1700 De
641 1660 714 1718 pace
729 1643 825 1702 futura
839 1643 1044 1702 constituenda
1066 1684 1620 1702 .......
1686 1702 1691 1714 ,

351 1782 368 1808 ,,
450 1737 533 1818 XIV.
575 1738 622 1798 De
636 1741 697 1800 iure
712 1741 908 1801 conueniendi
972 1785 1617 1801 ........

351 1881 367 1906 ,‚
465 1836 530 1897 XV.
573 1837 620 1898 De
633 1840 741 1918 quibus
751 1851 870 1900 cauetur
880 1841 910 1898 in
922 1839 1097 1912 foederibus,
1109 1851 1137 1900 et
1149 1840 1185 1900 de
1197 1840 1294 1900 duello
1336 1886 1343 1898 .
1428 1885 1434 1898 .
1517 1885 1523 1898 .
1609 1883 1616 1899 .

352 1981 368 2004 „
445 1934 529 1994 XVI.
571 1935 617 1996 De
631 1937 745 2014 legibus
758 1949 787 1998 et
801 1939 931 1998 libertate
972 1982 1619 1998 ........

353 2078 369 2099 .,
434 2034 535 2095 XVII.
577 2033 624 2096 De
639 2039 715 2114 agris
730 2049 758 2098 et
773 2038 951 2115 postliminio
974 2081 1618 2097 ........

353 2175 368 2194 ..
419 2131 533 2192 XVIII.
576 2133 622 2193 De
637 2136 763 2195 amicitia
776 2145 804 2195 et
818 2136 956 2196 societate
972 2179 1619 2194 ........
1663 2150 1723 2212 370

351 2273 368 2299 ‚.
452 2231 535 2290 XIX.
579 2233 610 2292 Si
625 2233 729 2294 foedus
740 2245 817 2294 recte
829 2234 1008 2295 contrahitur
1019 2253 1088 2294 curn
1099 2235 1230 2294 diuersae
1241 2234 1388 2312 religionis
1402 2233 1571 2294 hominibus
1614 2277 1620 2292 .
1665 2237 1724 2309 380

353 2373 368 2396 ‚.
467 2329 533 2389 XX.
575 2331 621 2392 De
636 2334 725 2393 armis
739 2343 767 2393 et
782 2334 924 2394 classibus
975 2378 1619 2393 ........
1663 2338 1721 2410 387

352 2472 367 2496 .‚
448 2427 530 2489 XXI.
572 2431 618 2491 De
633 2434 746 2493 arcibus
761 2443 790 2493 et
803 2432 951 2511 praesidiis
973 2477 1617 2495 ........
1667 2453 1726 2509 390

351 2569 366 2595 ,.
429 2526 527 2586 XXII.
571 2529 601 2589 Si
615 2549 800 2592 successores
814 2531 1027 2593 foederatorum
1042 2542 1177 2592 tenentur
1666 2551 1724 2609 395

354 2671 369 2696 „
413 2626 527 2687 XXIII.
570 2628 617 2690 De
630 2630 842 2704 ratihabitione,
858 2631 986 2708 priuatis,
1000 2631 1109 2708 piratis,
1125 2629 1280 2704 exsulibus,
1295 2629 1519 2690 adhaerentibus
1610 2676 1616 2689 .
1664 2651 1723 2708 403

354 2769 370 2796 ..
413 2725 525 2792 XXIV.
569 2729 697 2804 Quando
713 2731 815 2793 foedus
828 2731 951 2793 uioletur
973 2773 1615 2792 ........
1665 2748 1725 2806 4¹0
