4456 5566
712 727 772 780 DE
800 727 904 781 IURE
933 726 1066 794 BELLI,
1098 726 1177 779 LIB.
1201 725 1225 792 J,
1255 725 1342 781 [ΑΡ.
1370 725 1417 780 VI.
1723 733 1763 799 29

370 971 586 1036 Chananaeos
614 981 797 1036 mouerunt.
843 970 888 1034 Et
912 971 995 1034 iuste
1020 970 1211 1036 Chananaei
1235 991 1367 1054 quoque
1390 970 1593 1054 repellebant
1617 971 1766 1048 Iudaeos,

368 1083 471 1166 ignari
494 1083 585 1147 uocis
607 1083 748 1157 diuinae,
772 1093 864 1146 etse
887 1083 1113 1147 defendentes.
1169 1081 1215 1146 Et
1237 1081 1284 1146 sic
1306 1083 1472 1165 sapienter
1494 1081 1570 1144 Pius
1594 1081 1767 1147 Secundus

367 1195 410 1258 ad
436 1193 564 1276 legatos
592 1193 776 1276 Hungaros,
801 1195 857 1276 qui
887 1203 1001 1258 contra
1029 1194 1267 1277 Imperatorem
1298 1193 1522 1276 loquebantur,
1545 1193 1694 1257 arbitrari
1721 1214 1765 1270 se,

367 1325 431 1368 non
458 1306 627 1369 discedere
653 1305 781 1387 Regem
810 1304 1003 1386 Hungariae
1030 1303 1072 1368 ab
1099 1302 1258 1367 honesto:
1290 1312 1323 1367 et
1350 1323 1446 1368 nosse
1472 1304 1597 1382 itidem,
1619 1304 1766 1387 Impera·

368 1425 473 1480 torem
499 1416 575 1480 iusti
601 1425 792 1480 amantem:
828 1423 925 1478 utut
948 1416 990 1478 de
1013 1435 1114 1498 regno
1134 1415 1374 1492 dissentientes,
1400 1435 1475 1478 nam
1497 1425 1613 1498 putare
1636 1415 1766 1479 illorum

367 1537 528 1603 neutrum,
552 1547 702 1591 caussam
727 1547 763 1590 se
785 1527 939 1590 iniustam
962 1525 1118 1590 habere¹.
1178 1526 1273 1590 Haec
1297 1535 1413 1590 natura
1435 1525 1606 1601 bellorum,
1631 1537 1667 1590 ut
1690 1547 1766 1610 pars

368 1648 505 1721 utraque
530 1639 736 1721 praetendat,
759 1659 794 1702 se
817 1638 928 1703 fouere
950 1639 1071 1702 iustam
1094 1657 1245 1702 caussam
1256 1635 1277 1701 ².
1325 1637 1399 1701 Hoc
1421 1637 1617 1720 generaliter
1638 1638 1671 1702 in
1695 1659 1766 1701 om·

370 1749 462 1813 nibus
484 1749 552 1812 iere
573 1750 714 1814 statibus
740 1749 1034 1814 controuersiarum
1059 1749 1127 1812 fieri
1150 1748 1248 1822 ualet,
1269 1759 1306 1812 ut
1329 1757 1444 1812 neutra
1467 1749 1667 1830 litigantium
1690 1769 1766 1832 pars

369 1861 410 1924 sit
433 1859 583 1943 improba
593 1859 614 1922 ³.
661 1859 798 1944 Excipit
815 1859 1014 1924 Aristoteles
1035 1861 1151 1934 solum,
1167 1880 1268 1942 quum
1290 1860 1464 1942 quaeritur,
1479 1865 1538 1923 ‘an
1556 1859 1680 1924 iactum
1703 1859 1765 1924 sit.'

370 1971 414 2035 Et
428 1992 507 2035 uero
525 1971 558 2034 in
574 1971 662 2036 facto
678 1971 809 2055 proprio
825 1991 886 2036 nec
902 1971 1021 2035 nostris
1037 1970 1167 2054 probari
1182 1971 1367 2052 ignorantia
1382 1970 1476 2036 solet.
1522 1970 1590 2036 Sed
1608 1971 1642 2034 in
1658 1970 1765 2035 alieno

369 2082 455 2146 lacto
470 2091 531 2157 est,
546 2083 635 2165 quod
656 2081 689 2145 in
704 2081 776 2146 aliis
794 2092 845 2146 est
866 2081 1015 2146 statibus.
1062 2081 1140 2145 Huc
1154 2081 1259 2164 adigit
1280 2102 1339 2145 nos
1359 2081 1523 2146 humanae
1539 2091 1670 2146 nostrae
1689 2102 1766 2146 con-

370 2195 501 2258 ditionis
515 2193 706 2258 infirmitas:
730 2213 904 2276 perquam
919 2202 996 2257 sunt
1012 2193 1107 2257 nobis
1126 2193 1160 2256 in
1181 2193 1324 2256 tenebris
1346 2195 1477 2257 omnia:
1500 2203 1533 2257 et
1555 2193 1765 2275 purissimum

369 2305 456 2380 illud,
483 2313 585 2387 atque
610 2305 815 2368 uerisslmum
841 2305 964 2368 iustum
994 2305 1170 2388 ignoratur,
1193 2305 1282 2387 quod
1310 2324 1375 2368 non
1402 2304 1500 2368 lerret
1527 2304 1611 2368 duos
1636 2304 1766 2388 litigare

370 2415 461 2480 iuste.
516 2416 584 2481 Cur
606 2417 694 2479 enim
717 2413 837 2500 (inquit
860 2414 913 2480 hic
937 2416 1108 2479 Maximus
1134 2413 1269 2500 Tyrius)
1292 2416 1347 2498 qui
1372 2414 1589 2497 aequabiliter
1610 2414 1766 2493 sentiunt,

370 2527 540 2610 digladiari
563 2527 704 2592 inuicem
723 2524 917 2610 oporteat⁴i
962 2526 1006 2590 Et
1029 2547 1104 2591 uere
1127 2525 1179 2589 uel
1199 2526 1309 2590 iniusti
1332 2537 1491 2610 pugnant,
1507 2526 1560 2590 uel
1578 2546 1654 2591 cum
1672 2527 1766 2590 iustis

370 2638 486 2703 iniusti.
532 2638 600 2702 Sed
617 2659 690 2702 eam
707 2640 881 2703 ueritatem
900 2659 960 2703 nos
979 2639 1173 2722 plerumque
1188 2639 1387 2722 ignoramus.
1433 2637 1489 2703 Sic
1505 2658 1584 2722 ergo
1600 2640 1767 2722 sequimur

371 2750 490 2814 iustum
523 2743 674 2815 hominis.
732 2750 787 2815 Sic
827 2751 922 2815 Baldi
960 2752 1082 2815 uitatur
1117 2760 1347 2834 argumentum
1385 2751 1646 2830 contradicentis,
1677 2751 1766 2834 quod

370 2862 492 2926 bellum
512 2881 587 2926 cum
608 2862 651 2926 sit
672 2863 916 2942 contrariorum,
932 2882 1065 2927 necesse
1087 2863 1189 2927 etiam
1212 2861 1263 2940 sit,
1279 2872 1316 2926 ut
1331 2861 1434 2926 altera
1449 2879 1526 2944 pars
1541 2861 1652 2927 foueat
1667 2862 1767 2926 inius-

371 2974 475 3038 titiam
486 2974 508 3037 ⁵.
554 2974 599 3037 Et
618 2993 696 3055 ergo
717 2975 763 3037 sic
783 2974 931 3050 dicimus,
947 2975 1037 3056 quod
1053 2975 1079 3037 si
1096 2983 1225 3038 constet
1240 2974 1365 3056 absque
1381 2973 1541 3057 probabili
1558 2973 1625 3037 ulla
1640 2975 1766 3038 ratione

370 3085 511 3168 aliquam
527 3085 670 3168 partium
690 3085 849 3161 reluctari,
865 3105 939 3148 eam
958 3096 1046 3149 certe
1062 3106 1159 3170 agere
1175 3085 1353 3162 latrocinia,
1370 3105 1435 3148 non
1450 3084 1538 3148 bella
1553 3105 1674 3168 gerere.
1720 3084 1767 3149 Et

371 3196 402 3259 id
417 3197 561 3261 fatentur
577 3195 694 3259 merito
709 3215 833 3260 omnes.
870 3196 915 3259 Et
931 3196 974 3259 ab
990 3218 1029 3260 ea
1044 3195 1211 3262 iustificari
1228 3197 1333 3279 magis
1349 3215 1497 3260 caussam
1512 3195 1646 3260 alterius
1662 3196 1767 3260 iustae

372 3307 479 3389 partis,
505 3307 711 3370 uerisslmum
743 3318 801 3372 est.
857 3307 1038 3390 ‘Iniquitas
1065 3309 1167 3391 partis
1194 3307 1352 3370 aduersae
1381 3307 1468 3370 iusta
1497 3307 1586 3370 bella
1614 3303 1768 3390 ingeritz'

372 3419 480 3483 scribit
495 3417 712 3500 Augustinus.
755 3419 820 3483 ‘Et
835 3419 989 3502 iniquitas
1007 3419 1114 3484 aliena
1133 3415 1293 3496 faciebat:
1309 3414 1412 3502 (quod
1433 3419 1475 3482 de
1497 3419 1657 3482 Romanis
1679 3419 1766 3482 idem

372 3529 476 3616 notat)
492 3535 546 3594 ‘ut
562 3540 657 3609 esset,
673 3551 746 3594 cum
763 3531 882 3613 quibus
898 3531 983 3595 iusta
996 3529 1083 3594 bella
1098 3539 1287 3611 gererentur
1296 3529 1326 3594 θ]
1356 3528 1408 3593 At
1423 3550 1501 3592 uero
1519 3530 1546 3592 si
1563 3529 1700 3592 dubium
1716 3529 1767 3606 sit,

372 3661 392 3704 a
406 3663 470 3724 qua
487 3652 582 3725 parte
600 3652 666 3706 stet
685 3642 815 3720 iustitia,
830 3641 916 3706 hanc
935 3642 961 3705 si
978 3651 1011 3704 et
1025 3651 1165 3723 utraque
1179 3641 1306 3724 quaerit
1324 3661 1409 3723 pars,
1424 3639 1545 3704 iniusta
1561 3660 1633 3703 esse
1651 3649 1767 3704 neutra

373 3761 486 3835 potest.
547 3753 603 3817 Sic
626 3752 695 3835 ipse
718 3753 852 3832 Baldus,
871 3754 991 3817 iustum
1015 3773 1086 3816 esse
1108 3750 1233 3815 bellum
1257 3751 1342 3815 inter
1365 3771 1466 3834 reges,
1489 3752 1569 3814 dum
1591 3750 1667 3815 hinc
1690 3752 1767 3816 inde

373 3864 412 3928 de
429 3865 591 3929 seruanda
612 3865 794 3942 maiestate,
815 3865 1001 3946 iustitiaque
1022 3862 1262 3927 contenditur⁷.
1310 3863 1408 3940 Iuste,
1426 3861 1488 3925 hoc
1507 3863 1567 3941 est,
1586 3883 1630 3926 ex
1648 3862 1767 3944 proba·

372 3974 426 4039 bili
449 3996 573 4054 caussa,
591 3975 760 4058 litigantes
779 3996 838 4058 per
859 3975 920 4040 lori
942 3975 1208 4058 disceptationes,
1226 3975 1296 4038 siue
1318 3974 1364 4038 rei
1387 3975 1457 4038 siue
1478 3983 1614 4052 actores,
1633 3984 1667 4038 et
1689 3975 1767 4039 uicti

373 4085 427 4151 lite
448 4096 550 4169 atque
576 4087 749 4164 sententia,
775 4107 841 4151 non
862 4088 1124 4151 condemnantur
1145 4083 1356 4150 iniustitiae⁸.
1411 4086 1457 4149 Et
1480 4087 1633 4169 utrinque
1655 4095 1766 4150 tamen

405 4417 413 4446 ¹
430 4419 501 4470 Com.
515 4419 560 4469 Pii.
573 4433 596 4469 a.
608 4419 650 4470 lib.
664 4435 686 4482 3.
770 4421 852 4471 ’Ale
865 4421 888 4471 8.
901 4435 968 4472 cons.
980 4436 1020 4487 9³·
1102 4422 1113 4452 ⁸
1130 4422 1207 4471 Arist.
1221 4435 1243 4482 3.
1256 4421 1303 4470 Rh.
1316 4438 1338 4471 c.
1352 4435 1391 4485 15·
1473 4423 1482 4452 ⁴
1499 4421 1567 4471 Max.
1578 4421 1625 4484 Ty.
1637 4436 1683 4470 ser.
1697 4435 1734 4482 14.

500 4499 511 4528 ⁸
527 4501 581 4552 Bal.
593 4501 609 4552 l.
623 4515 645 4566 5.
656 4503 688 4553 de
700 4503 756 4554 iust.
769 4503 815 4568 (D.
829 4519 850 4552 1.
865 4505 899 4566 1).
1170 4503 1180 4533 ⁸
1197 4504 1263 4568 Aug.
1274 4503 1305 4552 de
1317 4503 1373 4554 Ciu.
1386 4519 1403 4566 4
1414 4520 1436 4554 c.
1451 4517 1479 4566 15
1492 4510 1516 4552 et
1530 4517 1567 4568 19.
1579 4518 1600 4552 c.
1615 4511 1636 4564 7.
1820 4495 1825 4502 “

405 4579 414 4606 ²
431 4582 483 4632 Bal.
497 4597 518 4634 2.
531 4599 598 4634 cons.
613 4587 668 4649 358.
980 4586 990 4614 ⁸
1007 4587 1068 4638 Dec.
1080 4586 1096 4636 l.
1110 4602 1149 4649 4²·
1161 4587 1192 4636 de
1204 4601 1254 4650 reg.
1266 4586 1298 4634 iu.
1312 4585 1358 4644 (D.
1368 4597 1408 4647 50.
1424 4585 1477 4646 17);
1496 4584 1549 4633 Bal.
1563 4597 1585 4646 5.
1598 4598 1665 4632 cons.
1679 4598 1734 4646 ²99·
