4456 5566
893 747 1222 813 PRAEFATIO.
1699 743 1760 805 xxi

364 985 413 1057 ob
438 1003 595 1060 mortem
619 987 700 1063 eius
727 1007 1008 1088 praematuram,
1034 992 1210 1067 uolumen
1237 992 1441 1066 secundum
1466 1016 1541 1066 non
1565 989 1726 1065 excessit
1736 996 1758 1062 ¹.

368 1109 438 1184 Est
456 1113 571 1188 editio
599 1114 659 1188 illa
684 1115 804 1192 forma
828 1120 1066 1216 quaternaria
1083 1119 1232 1194 maiore.
1289 1119 1457 1193 Editoris
1483 1143 1594 1191 curae
1613 1140 1763 1213 prorsus

365 1261 499 1333 expers
525 1255 594 1326 est,
622 1258 670 1329 et,
700 1244 768 1317 nisi
795 1244 898 1341 quod
929 1261 1055 1320 textus
1081 1246 1161 1318 sine
1192 1244 1506 1320 contractionibus
1534 1241 1762 1340 exprimitur,

367 1361 481 1438 nihilo
494 1366 679 1462 prioribus
691 1370 920 1445 editionibus
933 1371 1206 1468 anteponenda.
1263 1369 1423 1469 Paginas
1437 1372 1554 1444 habet
1567 1391 1762 1444 ccccxxiii.

416 1535 599 1630 Quartam
624 1567 724 1642 ergo,
748 1542 864 1620 lector
886 1544 1081 1632 beneuole,
1107 1546 1144 1618 in
1169 1545 1341 1619 manibus
1364 1546 1482 1619 habes
1506 1545 1616 1618 buius
1639 1543 1763 1640 operis

366 1662 589 1740 editionem:
617 1667 935 1760 antecedentibus,
955 1687 996 1745 ut
1020 1697 1142 1768 sper0,
1169 1689 1207 1746 et
1230 1671 1327 1745 lectu
1351 1670 1564 1756 faciliorem,
1583 1686 1622 1744 et
1645 1669 1763 1743 homi·

365 1787 473 1861 nibus
491 1790 550 1864 his
568 1794 700 1867 studiis
717 1795 854 1870 deditis
871 1798 1184 1883 commodiorem;
1212 1797 1248 1871 in
1266 1823 1341 1894 qua
1358 1797 1510 1894 quidem
1524 1795 1763 1880 conficienda,

367 1913 538 2010 ignoscas
559 1943 689 2013 precor
713 1921 755 2007 si,
777 1922 879 2017 quod
904 1923 940 1995 in
965 1948 1004 1996 re
1029 1921 1092 1996 tali
1119 1924 1214 1996 inter
1236 1921 1309 1996 alia
1333 1923 1486 2020 negotia
1507 1938 1681 2018 suscepta
1700 1921 1763 1992 uix

367 2041 496 2114 euitari
516 2058 651 2139 potest,
669 2045 857 2122 remissior
874 2045 1075 2144 aliquando
1093 2048 1205 2122 suerit
1222 2047 1414 2146 diligentia
1432 2065 1569 2122 nostra.

417 2268 526 2365 Opus
557 2270 675 2344 habes
705 2297 780 2347 non
815 2274 892 2346 suis
927 2290 1081 2360 tantum,
1112 2291 1153 2348 ut
1188 2274 1240 2347 ita
1273 2274 1403 2360 dicam,
1436 2274 1577 2347 uiribus
1611 2269 1763 2369 pollens

365 2417 494 2468 uerum
512 2397 562 2469 ob
580 2397 651 2470 hoc
668 2422 820 2493 quoque
839 2399 994 2497 insigne,
1012 2400 1114 2495 quod
1136 2401 1216 2474 eius
1234 2400 1416 2474 rationem
1434 2400 1515 2482 sibi,
1530 2399 1624 2472 sicut
1638 2396 1765 2470 arche-

366 2537 506 2617 typum,
535 2521 572 2593 in
598 2521 707 2595 simili
734 2523 881 2620 incepto
907 2526 1157 2621 proposuisse,
1186 2549 1233 2597 ex
1264 2551 1320 2610 eo,
1349 2541 1525 2620 tanquam
1554 2549 1601 2597 ex
1628 2522 1765 2604 fodina,

367 2647 482 2721 multa
513 2648 549 2720 in
585 2673 693 2721 suum
728 2674 823 2744 opus
858 2649 1099 2736 transtulisse,
1135 2650 1283 2724 uidetur
1317 2648 1543 2723 clarissimus
1579 2647 1638 2721 ille
1669 2648 1766 2721 inter

367 2771 531 2846 Alberici
550 2773 767 2859 imitatores,
789 2773 906 2848 Huuo
926 2775 1109 2850 Guorrus.
1167 2773 1310 2860 Habes,
1331 2775 1452 2871 igitur,
1475 2775 1570 2849 luris
1586 2773 1764 2847 Gentium

367 2899 469 2995 quod
498 2898 612 2973 hodie
642 2899 679 2972 in
710 2925 778 2972 usu
813 2917 871 2974 est
907 2926 996 2975 uera
1031 2900 1270 2988 incunabula;
1311 2926 1409 2997 quae
1440 2900 1645 2975 secundum
1677 2897 1766 2971 illud

369 3025 523 3100 ‘melius
549 3042 608 3099 est
638 3042 766 3123 petere
796 3025 919 3102 sontes
948 3054 1061 3125 quam
1092 3029 1224 3102 sectari
1256 3024 1415 3113 riuulos}
1443 3025 1765 3123 operaepretium

369 3153 438 3226 erit
454 3151 660 3226 accuratius
679 3152 913 3252 inuestigare.

1469 3327 1515 3400 T.
1546 3326 1589 3399 E.
1621 3325 1671 3398 H.

469 3530 684 3604 Scribebam
705 3530 855 3616 Oxonii,

605 3653 690 3730 Kal.
711 3655 813 3752 Sept.
833 3675 1094 3730 uncccuxxvn.

413 4101 422 4135 ¹
437 4099 536 4161 Primo
554 4100 697 4161 uolumini
715 4102 813 4160 insunt
832 4111 968 4162 tractatus
989 4100 1035 4159 De
1056 4097 1126 4160 Iure
1146 4099 1226 4160 Belli
1243 4113 1272 4160 et
1293 4098 1339 4160 De
1359 4099 1461 4159 Armis
1475 4098 1622 4172 Romanu,
1637 4099 1766 4160 secundo

371 4209 595 4269 commentarius
610 4207 648 4268 ad
661 4209 774 4268 titulum
789 4207 834 4266 De
851 4208 1004 4268 Uerborum
1020 4208 1237 4288 Segrm'ficanbne.
