4604 5562
781 717 842 771 DE
871 717 974 772 IURE
1005 715 1139 784 BELLI,
1171 715 1298 782 LIB.I,
1331 713 1418 769 cAP.
1442 713 1537 767 XXV.

463 859 1859 896 u----·——---··—-—r-—--———·—·—=—⁸——⁸—-—--¹---'-·“'·—--'’'-'—'¹

458 973 491 1027 et
505 961 671 1027 uinculum
694 963 780 1027 inter
802 963 900 1040 ciues,
915 971 949 1026 et
971 961 1021 1024 ius
1039 961 1189 1044 gentium
1212 961 1297 1024 inter
1310 969 1437 1043 gentes,
1452 959 1512 1023 sed
1533 967 1566 1022 et
1587 957 1736 1022 naturale
1754 958 1861 1023 homi-

459 1097 535 1140 num
561 1077 647 1140 inter
668 1075 819 1140 homines
828 1073 849 1139 ¹.
894 1074 941 1138 Et
964 1074 1067 1137 nostri
1091 1072 1205 1156 legum
1229 1072 1416 1137 conditores
1442 1091 1508 1136 non
1531 1070 1663 1136 luerunt
1687 1070 1862 1154 reprehen-

460 1188 577 1252 dendi:
593 1187 650 1271 qui
665 1187 715 1250 ius
731 1186 918 1251 definierint
933 1184 1090 1265 naturale,
1102 1186 1193 1268 quod
1209 1194 1327 1248 natura
1341 1184 1454 1248 omnia
1468 1183 1624 1247 animalia
1639 1184 1762 1248 docuit.
1788 1183 1862 1247 Etsi

460 1318 524 1363 non
547 1299 589 1363 sit
612 1309 724 1363 tamen
747 1299 806 1377 ius,
823 1299 857 1362 id
880 1306 930 1362 est
952 1297 1150 1375 communio,
1165 1296 1316 1361 homines
1338 1296 1425 1359 inter
1447 1303 1481 1358 et
1502 1293 1666 1359 animalia.
1711 1295 1801 1359 Nam
1825 1304 1863 1359 ut

460 1411 612 1474 omittam
635 1411 678 1474 de
700 1411 769 1473 iure
793 1410 888 1474 nobis
910 1429 985 1474 cum
1011 1407 1208 1472 animalibus
1231 1427 1408 1473 commune
1430 1407 1547 1486 dicere,
1565 1408 1608 1471 de
1630 1416 1743 1471 nostro
1766 1407 1799 1471 in
1823 1427 1863 1471 ea

460 1523 625 1587 dominio:
650 1531 738 1587 certe
753 1521 843 1604 quod
862 1530 912 1585 est
930 1521 1078 1585 naturale
1100 1520 1283 1600 hominurn,
1300 1520 1335 1584 id
1358 1539 1480 1602 negare
1501 1519 1586 1582 inter
1603 1518 1754 1583 homines
1773 1539 1863 1583 com-

462 1653 561 1698 mune
591 1653 657 1697 non
684 1631 844 1696 ualemus.
891 1631 1152 1710 Matrimonium,
1175 1632 1353 1696 liberorum
1380 1630 1572 1714 procreatio,
1597 1630 1758 1709 educatio,
1785 1630 1863 1694 iuris

461 1746 529 1809 eius
548 1753 609 1821 est,
632 1745 722 1826 quod
740 1744 782 1807 ab
801 1743 852 1807 his
870 1743 1021 1821 laeditur,
1040 1751 1073 1807 et
1096 1743 1231 1825 quidem
1253 1742 1444 1807 hominibus
1466 1742 1627 1828 omnibus,
1646 1742 1765 1824 quibus
1786 1761 1861 1824 cog·

462 1856 529 1920 nati
560 1857 714 1938 sociique,
740 1864 876 1920 naturae
906 1855 1096 1938 eripiuntur.

505 1967 573 2032 Sed
605 1987 712 2050 neque
741 1976 975 2050 argumentum
1010 1965 1234 2031 Couarruuiae
1267 1965 1445 2049 quicquam
1477 1975 1591 2030 contra
1624 1964 1735 2031 ualet:
1772 1966 1863 2049 quod

462 2079 488 2142 si
511 2078 634 2142 bellum
657 2077 766 2143 lacere
795 2099 861 2142 non
888 2078 965 2144 licet
994 2088 1131 2162 propter
1152 2076 1374 2142 idololatriam
1405 2087 1439 2142 et
1468 2059 1722 2157 infidelitatem
1757 2099 1864 2162 neque

462 2189 573 2255 licebit
610 2190 654 2253 ob
688 2191 761 2268 ista,
791 2210 877 2273 quae
910 2191 1058 2254 enormia
1090 2198 1262 2272 patrentur
1298 2198 1412 2254 contra
1445 2188 1554 2273 legem
1586 2199 1731 2254 naturae.
1802 2190 1864 2254 Et-

464 2302 549 2364 enim
576 2310 634 2365 aut
659 2302 846 2383 argumenti
870 2321 977 2366 nexus
1003 2310 1062 2380 est,
1084 2301 1174 2384 quod
1197 2301 1224 2364 si
1252 2320 1318 2364 non
1341 2299 1419 2364 licet
1443 2299 1569 2364 bellum
1594 2299 1702 2365 iacere
1728 2310 1864 2384 propter

463 2413 597 2476 crimina
630 2413 814 2490 atrociora;
859 2433 919 2477 nec
953 2413 1050 2477 liceat
1083 2421 1220 2494 propter
1257 2413 1365 2476 minus
1402 2412 1537 2476 atrocia.
1568 2422 1626 2477 aut
1662 2423 1713 2476 est
1746 2430 1863 2493 nexus,

463 2525 551 2605 quod
581 2523 608 2587 si
639 2543 706 2587 non
735 2523 813 2587 licet
843 2534 979 2606 propter
1000 2525 1051 2587 ius
1073 2524 1207 2608 aliquod
1229 2525 1262 2587 in
1285 2544 1351 2587 uno
1380 2523 1490 2607 aliquo
1514 2523 1650 2604 laesum,
1679 2544 1739 2590 nec
1765 2524 1864 2590 liceat

464 2645 597 2718 propter
634 2635 723 2698 idem
763 2635 889 2698 laesum
930 2635 964 2698 in
1001 2635 1067 2700 alio
1105 2635 1164 2698 ius.
1237 2634 1281 2700 Et
1315 2643 1456 2718 utroque
1493 2635 1595 2700 modo
1632 2635 1777 2701 solutum
1814 2646 1865 2701 est

463 2755 704 2829 argumentum,
733 2756 851 2811 neutro
874 2767 981 2811 nexus
1004 2747 1114 2812 nectit.
1171 2747 1290 2830 Neque
1319 2747 1408 2810 enim
1440 2748 1604 2826 atrocitas,
1634 2749 1692 2812 sed
1722 2748 1864 2832 qualitas

464 2858 606 2922 criminis
629 2866 776 2940 praestat
799 2857 898 2941 quale
924 2858 984 2921 ius.
1031 2857 1232 2936 Idololatria,
1254 2857 1432 2921 infidelitas
1458 2878 1525 2921 non
1551 2868 1699 2941 praestat
1721 2860 1865 2926 diuortio

465 2989 623 3048 caussam,
653 2978 802 3052 praestat
834 2967 993 3033 moechia.
1023 2979 1061 3032 ut
1087 2968 1165 3033 alibi
1195 2969 1339 3052 disputo.
1386 2970 1432 3035 Et
1456 2969 1621 3054 religionis
1645 2972 1695 3036 ius
1721 2992 1788 3035 non
1814 2982 1865 3037 est

465 3081 552 3144 idern
571 3100 647 3145 cum
663 3081 732 3144 iure
757 3081 896 3145 aliarum
911 3101 1040 3158 rerum3
1063 3089 1099 3145 ut
1118 3091 1217 3145 antea
1235 3090 1287 3145 est
1301 3081 1508 3147 adnotatum.
1553 3082 1652 3147 Fides
1671 3093 1721 3148 est
1739 3085 1864 3149 donum

467 3194 530 3257 Dei
553 3192 718 3276 singulare
726 3190 749 3268 ²,
775 3201 809 3256 et
833 3190 984 3256 Christus
1015 3194 1106 3257 lesus
1134 3194 1290 3276 gentibus
1315 3194 1456 3258 stultitia
1487 3204 1561 3274 est;
1587 3203 1622 3258 at
1648 3194 1704 3258 illa
1728 3204 1865 3260 naturae

466 3315 544 3369 nota
561 3314 638 3368 sunt
656 3303 858 3368 naturaliter.
904 3303 1017 3368 Etiam
1036 3304 1149 3387 religio
1167 3304 1278 3388 aliqua
1296 3314 1347 3369 est
1361 3326 1381 3368 a
1397 3314 1523 3370 natura.
1569 3306 1614 3370 Et
1632 3327 1710 3390 ergo
1729 3308 1756 3370 si
1774 3307 1865 3372 athei

466 3417 565 3500 aliqui
589 3425 708 3496 essent,
731 3415 839 3480 omnis
869 3425 1025 3499 expertes
1051 3416 1225 3499 religionis,
1248 3418 1363 3495 bonae,
1386 3416 1502 3496 malae,
1524 3417 1648 3481 bellum
1671 3429 1785 3483 contra
1808 3441 1865 3484 eos

465 3548 596 3611 quoque
621 3527 744 3591 iustum
772 3527 875 3591 uideri
902 3527 1023 3609 poterit
1051 3527 1144 3609 quasi
1167 3536 1281 3592 contra
1301 3526 1395 3593 seras.
1425 3548 1492 3592 non
1516 3528 1605 3592 enim
1626 3530 1691 3594 dici
1713 3529 1865 3594 homines

469 3647 642 3718 merentur,
672 3638 728 3721 qui
760 3647 887 3702 exuunt
913 3647 1064 3702 naturam
1094 3636 1274 3717 hominurn,
1305 3647 1339 3702 et
1368 3638 1433 3702 dici
1466 3639 1528 3722 ipsi
1561 3639 1679 3704 nolunt
1705 3640 1865 3707 homines.

466 3749 582 3832 Atque
603 3750 840 3814 uindicatiuum
864 3757 915 3813 est
937 3748 1001 3813 hoc
1024 3748 1172 3814 bellum:
1205 3769 1272 3832 quo
1293 3750 1479 3813 communis
1499 3760 1615 3815 natura
1636 3752 1829 3818 uindicatur.

512 3861 565 3925 De
594 3882 661 3944 quo
691 3861 757 3924 iam
791 3861 880 3926 satis.
951 3859 1120 3944 Quoniam
1157 3881 1242 3942 quae
1271 3860 1361 3924 dicta
1390 3870 1469 3925 sunt
1501 3862 1544 3925 de
1579 3862 1719 3927 honesto
1752 3863 1866 3929 delen·

469 3970 549 4052 siuo,
585 3973 704 4037 eadem
741 3980 775 4035 et
808 3970 862 4036 hic
892 3981 973 4055 apta
1009 3981 1095 4036 sunt.
1132 3971 1195 4036 hoc
1230 3980 1374 4054 excepto
1411 3981 1533 4052 tamen,
1570 3975 1659 4057 quod
1697 3996 1789 4040 arma
1822 3979 1864 4042 ad

470 4083 685 4148 offensionem
707 4084 798 4165 iungi
821 4082 924 4147 nolim
947 4083 1047 4147 armis
1070 4084 1206 4149 iniustis.
1267 4083 1402 4149 Scilicet
1428 4085 1553 4149 malum
1575 4086 1657 4152 illud
1686 4089 1867 4171 iniquitatis

468 4195 519 4259 hic
545 4197 717 4273 iuuaretur,
739 4195 829 4277 quod
856 4195 901 4257 ibi
926 4195 1112 4277 depellitur.
1167 4194 1222 4260 Sic
1251 4195 1375 4271 Cicer0,
1399 4197 1601 4262 ‘Sordidum
1628 4207 1686 4278 est,
1709 4209 1746 4264 ut
1771 4220 1868 4264 accu-

467 4309 577 4372 ‘sator
610 4308 796 4386 nomineris,
826 4327 933 4389 neque
961 4316 1075 4373 tamen
1109 4317 1146 4372 ut
1176 4307 1239 4373 hoc
1272 4308 1465 4393 fugiendum
1505 4320 1565 4392 est,
1598 4311 1645 4376 ita
1676 4310 1865 4375 habendum

467 4421 540 4483 ‘est
571 4419 729 4502 religioni,
762 4427 951 4494 nocentem¹
975 4420 1153 4502 aliquando
1184 4429 1217 4485 et
1249 4420 1409 4485 nefarium
1447 4423 1651 4506 impiumque
1679 4423 1865 4487 defendere.

605 4590 613 4620 ¹
630 4591 647 4640 1.
662 4605 682 4641 1.
694 4589 726 4641 de
738 4590 796 4656 legi.
808 4591 855 4657 (Ι).
869 4606 891 4643 1.
903 4592 945 4656 3);
963 4591 979 4642 l.
996 4604 1016 4643 ι.
1027 4591 1059 4642 de
1070 4592 1127 4643 iust.
1140 4593 1185 4657 (D.
1200 4605 1221 4644 1.
1237 4593 1279 4654 1);
1297 4592 1546 4658 lust.deiu.na.(1.
1560 4595 1717 4658 1)ubiHot.

973 4673 983 4702 ²
1002 4689 1023 4723 1.
1035 4674 1095 4724 Cor.
1109 4688 1119 4722 1
1132 4690 1139 4736 ς
1156 4674 1197 4724 adi
1210 4675 1264 4725 Ber.
1275 4690 1315 4739 ep.
1328 4685 1366 4738 77.
