4604 5562
763 713 823 765 DE
854 711 956 766 IURE
986 711 1120 783 BELLI,
1151 711 1277 782 LIB.I‚
1310 710 1398 766 CAP.
1420 710 1524 765 XXII.
1783 717 1840 763 101

443 953 522 1018 ‘sed
556 973 669 1017 reuera
700 952 743 1015 ob
773 953 897 1036 priores
925 951 1074 1031 iniurias,'
1103 952 1151 1016 ait
1182 951 1318 1015 historia
1328 949 1348 1016 ¹.
1395 950 1456 1014 Ille
1486 949 1661 1032 speciosus,
1692 957 1726 1012 et
1752 967 1843 1012 com·

444 1067 559 1130 modus
582 1085 653 1129 esse
676 1065 784 1148 potuit
807 1063 941 1128 titulus:
972 1065 1031 1128 sed
1055 1073 1089 1128 et
1111 1063 1165 1128 hic
1187 1063 1352 1147 praestitit
1375 1064 1417 1126 ad
1437 1061 1606 1125 iustitiam.
1652 1059 1687 1124 Si
1707 1061 1841 1142 quidem

442 1176 628 1240 iniuriarum
653 1175 769 1239 titulus
796 1193 862 1238 non
889 1193 1059 1258 superesse
1086 1176 1259 1252 uideretur,
1289 1174 1383 1256 quasi
1410 1172 1554 1237 abolitae
1582 1172 1843 1236 dissimulatione

442 1298 548 1353 essent
564 1288 700 1351 iniuriae
708 1286 730 1352 ².
762 1287 807 1350 Et
822 1307 953 1370 semper
968 1297 1113 1369 praestat
1129 1308 1227 1351 causa
1244 1287 1418 1350 recentior:
1443 1285 1504 1349 etsi
1520 1284 1623 1348 altera
1639 1301 1698 1347 nec
1714 1284 1841 1347 dudum

441 1410 537 1464 antea
553 1399 729 1476 extitisset.
769 1399 882 1462 Etiam
899 1400 1086 1480 prudenter,
1102 1419 1170 1482 pax
1187 1400 1266 1462 dum
1283 1397 1545 1479 componebatur
1557 1397 1642 1459 inter
1658 1394 1791 1458 Gallum
1808 1405 1842 1459 et

443 1511 629 1594 Hispanum
645 1521 724 1576 ante
739 1531 843 1574 annos
858 1510 993 1593 aliquot,
1009 1512 1115 1574 uisum
1139 1509 1209 1588 fuit,
1225 1520 1270 1588 ut,
1290 1509 1436 1592 antiquis
1454 1507 1840 1589 silentio'praetermissis

440 1624 713 1700 contentionibus,
735 1631 867 1686 tantum
891 1623 933 1686 de
957 1622 1191 1686 recentioribus
1214 1629 1416 1698 tractaretur,
1432 1641 1518 1703 quae
1533 1618 1838 1700 componerentur³.

441 1734 537 1818 Quod
558 1736 585 1800 si
605 1734 758 1800 nolumus
776 1734 976 1810 existimare,
992 1753 1048 1796 eos
1067 1753 1161 1816 reges
1179 1732 1321 1796 uoluisse
1340 1751 1399 1813 pro
1418 1738 1512 1813 parte
1529 1730 1652 1793 amicos
1671 1727 1747 1806 fieri,
1763 1747 1839 1792 con-

438 1847 609 1911 trouersias
625 1847 827 1928 antiquiores
843 1865 903 1927 pro
918 1845 1098 1927 antiquatis
1113 1843 1268 1908 habuisse
1283 1843 1517 1925 intelligentur.

479 1957 557 2023 Non
580 1959 626 2023 sic
647 1959 689 2022 de
712 1957 780 2022 iure
804 1957 933 2039 priuato
955 1975 1013 2038 per
1034 1957 1156 2020 omnia.
1203 1955 1271 2020 Sed
1296 1975 1356 2019 nec
1379 1955 1463 2018 inter
1484 1952 1649 2037 principes
1670 1950 1711 2015 lis
1733 1950 1838 2016 ciuilis

438 2070 528 2134 finita
551 2071 733 2153 quidquam
756 2068 862 2146 faciet,
883 2068 1059 2151 quominus
1081 2067 1147 2131 alia
1169 2068 1313 2131 existere
1336 2065 1389 2131 uel
1412 2067 1455 2130 de
1477 2065 1653 2147 antiquiori
1677 2083 1711 2128 re
1728 2071 1859 2147 queat..

436 2180 485 2245 At
514 2182 547 2244 in
576 2182 640 2245 hoc
669 2199 835 2244 armorum
863 2179 992 2256 iudicio,
1020 2179 1109 2262 quod
1137 2187 1186 2241 est
1213 2177 1385 2253 hostilitas,
1413 2188 1446 2241 et
1471 2177 1563 2240 cuius
1589 2176 1663 2239 finis
1692 2174 1837 2238 amicitia

436 2303 468 2356 et
498 2313 566 2376 pax
598 2301 657 2370 est,
688 2291 872 2372 composita
901 2291 1013 2354 omnia
1042 2311 1114 2354 esse
1143 2289 1276 2354 habent.
1314 2300 1350 2354 ut
1385 2309 1444 2352 suo
1477 2297 1628 2370 tempore
1661 2305 1837 2368 exponam.

437 2401 591 2467 Ceterum
616 2403 704 2485 quod
737 2401 769 2464 in
793 2403 915 2465 caussis
948 2402 1150 2484 priuatonrm
1174 2401 1219 2478 fit,
1243 2409 1275 2464 et
1299 2401 1332 2463 in
1355 2399 1494 2483 publicis
1517 2398 1626 2476 etiam,
1649 2399 1676 2461 si
1699 2398 1838 2462 ciuiliter

435 2515 643 2597 disceptetur,
663 2523 700 2576 ut
722 2513 979 2595 praescriptione
1002 2511 1159 2594 temporis
1182 2511 1400 2576 excludantur
1422 2510 1576 2586 actiones,
1595 2529 1637 2572 an
1660 2518 1694 2572 et
1719 2509 1837 2574 bellica

433 2627 519 2689 actio
542 2626 658 2689 itidem
682 2623 893 2689 excluditur?
939 2624 984 2688 Et
1005 2644 1090 2706 quae
1113 2623 1192 2686 olim
1216 2623 1418 2706 esse-potuit
1442 2621 1527 2686 iusta
1550 2619 1627 2684 belli
1651 2640 1776 2700 caussa,
1796 2641 1836 2684 ea

434 2746 507 2819 post
535 2736 713 2800 multorum
736 2737 910 2800 decursum
937 2755 1098 2799 annorum
1126 2742 1175 2798 est
1201 2733 1309 2798 iusta?
1355 2733 1444 2798 Sane
1470 2732 1497 2796 si
1525 2732 1594 2796 iure
1617 2732 1766 2815 legitimo
1788 2733 1835 2797 sic

432 2858 581 2912 arcentur
602 2848 756 2924 actiones,
773 2847 853 2929 quid
876 2865 943 2910 non
966 2847 1066 2910 etiam
1090 2865 1224 2909 caussae
1246 2843 1333 2921 belli,
1353 2854 1387 2908 et
1408 2843 1472 2908 hae
1493 2852 1667 2908 arceantur
1688 2843 1835 2907 actiones

432 2955 599 3022 armatae?
645 2957 739 3021 Bono
769 2943 902 3039 publico
933 2956 1120 3020 introducta
1144 2965 1195 3019 est
1223 2955 1389 3038 usucapio,
1416 2963 1449 3018 et
1475 2953 1698 3038 praescriptio,
1725 2964 1761 3018 ut
1791 2956 1834 3019 sit

432 3069 548 3152 aliquis
563 3068 670 3132 litium
687 3069 760 3132 finis
771 3067 793 3133 ⁴.
835 3068 924 3152 Quid
942 3070 974 3131 ni
990 3079 1024 3132 et
1040 3065 1224 3132 bellorum?
1265 3065 1373 3130 Aiunt
1389 3065 1548 3145 Lacones,
1561 3069 1568 3098 ‘
1581 3065 1678 3130 Hanc
1694 3066 1833 3130 colimus

432 3185 573 3246 ‘terram
595 3183 638 3247 ab
663 3181 816 3245 Herculis
840 3180 1034 3263 posteritate
1054 3181 1176 3252 datam,
1198 3178 1363 3261 Delphico
1385 3179 1519 3242 oraculo
1542 3178 1779 3256 confirmatam,
1799 3187 1833 3242 et

431 3293 567 3358 ‘incolis
583 3295 651 3358 eius
666 3290 773 3359 bello'
790 3290 883 3378 (nota
898 3291 1021 3375 triplex
1037 3293 1086 3354 ius
1105 3286 1334 3376 possessionis)
1349 3290 1538 3371 ‘superatis
1576 3290 1653 3353 Non
1670 3310 1729 3353 uos
1750 3289 1833 3353 latet
1856 3363 1861 3369 ¹

430 3407 438 3435 ‘
452 3404 681 3486 possessiones,
697 3405 767 3468 siue
782 3405 936 3487 priuatas,
952 3404 1022 3467 siue
1037 3402 1186 3485 publicas
1200 3399 1457 3483 praescriptione
1473 3400 1564 3483 longi
1580 3400 1739 3483 temporis
1755 3419 1832 3464 con·

431 3515 583 3581 ‘firmari
640 3517 829 3580 Messenam
858 3516 1024 3580 tenuimus
1057 3513 1199 3596 amplius
1229 3512 1487 3595 quadringentos
1515 3510 1662 3575 annos⁵.'
1716 3511 1832 3593 Atque

431 3627 544 3691 eadem
563 3627 632 3691 lere
650 3628 769 3706 omnia,
786 3627 819 3691 id
839 3635 936 3705 certe,
951 3626 1041 3708 quod
1062 3626 1163 3688 modo
1184 3623 1381 3706 quaerimus,
1397 3623 1497 3686 etiam
1519 3620 1676 3704 Iephthes
1696 3641 1831 3704 respon-

431 3737 477 3801 dit
499 3738 770 3803 Ammonitarum
794 3739 862 3820 regi
885 3739 928 3802 de
954 3738 1023 3800 iure
1044 3735 1318 3819 praescriptionis,
1340 3734 1452 3797 ‘Dum
1478 3732 1642 3798 habitauit
1668 3732 1769 3797 Israel
1797 3734 1831 3797 in

430 3850 601 3914 ‘omnibus
620 3850 683 3914 illis
702 3850 891 3916 ciuitatibus
909 3858 1074 3914 trecentos
1091 3868 1205 3925 annos,
1220 3867 1320 3930 quare
1338 3865 1404 3910 non
1423 3846 1587 3930 eripuistis
1602 3867 1658 3911 eas
1677 3851 1829 3928 tempore

430 3957 541 4023 illoli'
598 3963 644 4026 Et
667 3963 700 4026 id
723 3971 781 4040 est,
804 3962 894 4045 quod
917 3960 972 4025 alii
994 3959 1162 4042 theologi⁷
1185 3956 1277 4046 (nam
1300 3959 1356 4023 alii
1381 3957 1506 4038 uolunt,
1529 3960 1619 4042 quod
1643 3958 1830 4023 contraius

431 4069 513 4137 istud
540 4073 803 4156 praescriptionis
831 4071 917 4159 est⁸)
943 4073 976 4136 in
1004 4073 1174 4156 proposito
1199 4073 1245 4135 sic
1272 4072 1458 4149 obseruant,
1484 4071 1626 4135 Iudaeos
1649 4091 1829 4154 numquam

428 4179 540 4250 secisse
556 4185 693 4249 uerbum
714 4186 757 4249 de
776 4185 845 4249 iure
864 4182 966 4262 Semi,
980 4184 1124 4248 auctoris
1141 4183 1200 4262 sui,
1216 4183 1304 4265 quod
1321 4183 1495 4248 aduersum
1513 4181 1731 4247 Chananaeos
1750 4189 1829 4259 erat,

523 4425 531 4456 ¹
548 4427 653 4477 Zonara.
664 4427 707 4478 lib.
719 4441 743 4491 9.
755 4443 776 4476 c.
792 4438 829 4488 15.
957 4424 967 4454 ¹
982 4424 1000 4477 l.
1014 4439 1036 4474 2.
1048 4425 1079 4474 de
1091 4423 1163 4474 iniur.
1176 4423 1222 4488 (D.
1235 4434 1273 4486 47.
1290 4423 1341 4487 10).
1465 4422 1476 4452 ⁸
1492 4421 1553 4471 Nat.
1564 4420 1638 4470 Com.
1650 4418 1694 4470 lib.
1708 4432 1730 4469 a.

493 4508 501 4539 ¹
517 4507 534 4558 b
549 4521 570 4560 1.
581 4509 612 4559 de
623 4524 724 4574 usucap.
737 4509 783 4572 (D.
795 4521 835 4572 41.
849 4509 884 4572 3).
1087 4507 1097 4538 ⁸
1117 4507 1194 4556 Isocr.
1206 4504 1309 4555 Archid.
1506 4502 1516 4532 ⁸
1534 4501 1588 4552 Iud.
1603 4515 1641 4550 11.
1653 4499 1696 4549 ubi
1708 4503 1759 4548 not.

652 4589 663 4620 ¹
681 4593 708 4641 P.
721 4591 757 4642 M.
770 4591 825 4642 lu'd.
841 4605 862 4640 ι.
1122 4588 1132 4617 ⁸
1148 4586 1288 4653 Epiphan.;
1305 4588 1371 4649 Aug.
1384 4584 1414 4634 de
1426 4585 1471 4634 Te.
1483 4599 1528 4634 ser.
1543 4595 1598 4645 ¹0⁵·

432 4720 1826 4749 —-——.-....-—-——-—--———-
