<?xml version="1.0" encoding="UTF-8"?>
<!DOCTYPE html PUBLIC "-//W3C//DTD XHTML 1.0 Transitional//EN"
    "http://www.w3.org/TR/xhtml1/DTD/xhtml1-transitional.dtd">
<html xmlns="http://www.w3.org/1999/xhtml" xml:lang="en" lang="en">
 <head>
  <title>
</title>
<meta http-equiv="Content-Type" content="text/html;charset=utf-8" />
  <meta name='ocr-system' content='tesseract 3.04.00' />
  <meta name='ocr-capabilities' content='ocr_page ocr_carea ocr_par ocr_line ocrx_word'/>
</head>
<body>
  <div class='ocr_page' id='page_1' title='image "albericigentili01gentgoog_0110.png"; bbox 0 0 4604 5562; ppageno 0'>
   <div class='ocr_carea' id='block_1_1' title="bbox 741 741 1836 813">
    <p class='ocr_par' dir='ltr' id='par_1_1' title="bbox 741 741 1836 813">
     <span class='ocr_line' id='line_1_1' title="bbox 741 741 1836 813; baseline -0.007 -12"><span class='ocrx_word' id='word_1_1' title='bbox 741 747 802 802; x_wconf 81' lang='lat' dir='ltr'>DE</span> <span class='ocrx_word' id='word_1_2' title='bbox 830 747 932 801; x_wconf 72' lang='lat' dir='ltr'>lura</span> <span class='ocrx_word' id='word_1_3' title='bbox 960 745 1094 813; x_wconf 70' lang='lat' dir='ltr'>secur,</span> <span class='ocrx_word' id='word_1_4' title='bbox 1123 743 1249 812; x_wconf 73' lang='lat' dir='ltr'>urar,</span> <span class='ocrx_word' id='word_1_5' title='bbox 1282 743 1370 799; x_wconf 71' lang='lat' dir='ltr'>cna.</span> <span class='ocrx_word' id='word_1_6' title='bbox 1392 741 1492 796; x_wconf 69' lang='lat' dir='ltr'>nun.</span> <span class='ocrx_word' id='word_1_7' title='bbox 1797 744 1836 813; x_wconf 88' lang='lat'>77</span> 
     </span>
    </p>
   </div>
   <div class='ocr_carea' id='block_1_2' title="bbox 441 989 1840 4187">
    <p class='ocr_par' dir='ltr' id='par_1_2' title="bbox 441 989 1840 4187">
     <span class='ocr_line' id='line_1_2' title="bbox 444 989 1837 1077; baseline -0.001 -20"><span class='ocrx_word' id='word_1_8' title='bbox 444 992 686 1076; x_wconf 90' lang='lat' dir='ltr'>conquisierunt</span> <span class='ocrx_word' id='word_1_9' title='bbox 695 991 716 1056; x_wconf 90' lang='lat'>¹.</span> <span class='ocrx_word' id='word_1_10' title='bbox 761 993 894 1056; x_wconf 87' lang='lat' dir='ltr'>Probari</span> <span class='ocrx_word' id='word_1_11' title='bbox 912 1013 1027 1058; x_wconf 84' lang='lat' dir='ltr'>caussa</span> <span class='ocrx_word' id='word_1_12' title='bbox 1045 1013 1111 1058; x_wconf 92' lang='lat' dir='ltr'>non</span> <span class='ocrx_word' id='word_1_13' title='bbox 1131 1002 1250 1077; x_wconf 90' lang='lat' dir='ltr'>potest,</span> <span class='ocrx_word' id='word_1_14' title='bbox 1266 1011 1350 1074; x_wconf 89' lang='lat' dir='ltr'>quae</span> <span class='ocrx_word' id='word_1_15' title='bbox 1373 1011 1504 1076; x_wconf 86' lang='lat' dir='ltr'><strong>semper</strong></span> <span class='ocrx_word' id='word_1_16' title='bbox 1522 995 1639 1057; x_wconf 86' lang='lat' dir='ltr'>eadem</span> <span class='ocrx_word' id='word_1_17' title='bbox 1664 989 1837 1057; x_wconf 87' lang='lat' dir='ltr'>Germanis</span> 
     </span>
     <span class='ocr_line' id='line_1_3' title="bbox 442 1103 1837 1185; baseline 0 -19"><span class='ocrx_word' id='word_1_18' title='bbox 442 1103 539 1168; x_wconf 87' lang='lat' dir='ltr'>luisse</span> <span class='ocrx_word' id='word_1_19' title='bbox 564 1104 683 1168; x_wconf 89' lang='lat' dir='ltr'>dicitur</span> <span class='ocrx_word' id='word_1_20' title='bbox 704 1103 956 1168; x_wconf 89' lang='lat' dir='ltr'>transcendendi</span> <span class='ocrx_word' id='word_1_21' title='bbox 980 1105 1013 1166; x_wconf 92' lang='lat' dir='ltr'>in</span> <span class='ocrx_word' id='word_1_22' title='bbox 1037 1103 1169 1180; x_wconf 89' lang='lat' dir='ltr'>Gallias,</span> <span class='ocrx_word' id='word_1_23' title='bbox 1193 1103 1296 1167; x_wconf 90' lang='lat' dir='ltr'>libido</span> <span class='ocrx_word' id='word_1_24' title='bbox 1319 1113 1420 1185; x_wconf 90' lang='lat' dir='ltr'>atque</span> <span class='ocrx_word' id='word_1_25' title='bbox 1441 1104 1579 1168; x_wconf 90' lang='lat' dir='ltr'>auaritia</span> <span class='ocrx_word' id='word_1_26' title='bbox 1602 1114 1636 1167; x_wconf 93' lang='lat' dir='ltr'>et</span> <span class='ocrx_word' id='word_1_27' title='bbox 1658 1105 1837 1168; x_wconf 84' lang='lat' dir='ltr'><strong>mutandae</strong></span> 
     </span>
     <span class='ocr_line' id='line_1_4' title="bbox 443 1215 1836 1299; baseline 0.002 -21"><span class='ocrx_word' id='word_1_28' title='bbox 443 1215 527 1279; x_wconf 90' lang='lat' dir='ltr'>sedis</span> <span class='ocrx_word' id='word_1_29' title='bbox 541 1235 653 1278; x_wconf 91' lang='lat' dir='ltr'>amor:</span> <span class='ocrx_word' id='word_1_30' title='bbox 676 1215 796 1280; x_wconf 89' lang='lat' dir='ltr'>relictis</span> <span class='ocrx_word' id='word_1_31' title='bbox 814 1217 990 1299; x_wconf 90' lang='lat' dir='ltr'>paludibus</span> <span class='ocrx_word' id='word_1_32' title='bbox 1006 1225 1040 1280; x_wconf 90' lang='lat' dir='ltr'>et</span> <span class='ocrx_word' id='word_1_33' title='bbox 1057 1217 1289 1280; x_wconf 86' lang='lat' dir='ltr'>solitudinibus</span> <span class='ocrx_word' id='word_1_34' title='bbox 1308 1216 1374 1280; x_wconf 91' lang='lat' dir='ltr'>suis</span> <span class='ocrx_word' id='word_1_35' title='bbox 1393 1226 1428 1279; x_wconf 91' lang='lat' dir='ltr'>ut</span> <span class='ocrx_word' id='word_1_36' title='bbox 1445 1216 1736 1281; x_wconf 78' lang='lat' dir='ltr'>foecundissimum</span> <span class='ocrx_word' id='word_1_37' title='bbox 1756 1218 1836 1281; x_wconf 91' lang='lat' dir='ltr'>illud</span> 
     </span>
     <span class='ocr_line' id='line_1_5' title="bbox 442 1325 1837 1409; baseline 0 -19"><span class='ocrx_word' id='word_1_38' title='bbox 442 1325 546 1390; x_wconf 92' lang='lat' dir='ltr'>solum</span> <span class='ocrx_word' id='word_1_39' title='bbox 570 1325 777 1409; x_wconf 85' lang='lat' dir='ltr'>possiderent</span> <span class='ocrx_word' id='word_1_40' title='bbox 800 1327 958 1392; x_wconf 63' lang='lat' dir='ltr'>Galliaei.</span> <span class='ocrx_word' id='word_1_41' title='bbox 1005 1329 1084 1391; x_wconf 92' lang='lat' dir='ltr'>Non</span> <span class='ocrx_word' id='word_1_42' title='bbox 1108 1329 1231 1391; x_wconf 90' lang='lat' dir='ltr'>iustum</span> <span class='ocrx_word' id='word_1_43' title='bbox 1254 1337 1312 1407; x_wconf 88' lang='lat' dir='ltr'>est,</span> <span class='ocrx_word' id='word_1_44' title='bbox 1328 1327 1418 1409; x_wconf 92' lang='lat' dir='ltr'>quod</span> <span class='ocrx_word' id='word_1_45' title='bbox 1443 1329 1601 1406; x_wconf 87' lang='lat' dir='ltr'>Brennus,</span> <span class='ocrx_word' id='word_1_46' title='bbox 1620 1339 1654 1392; x_wconf 89' lang='lat' dir='ltr'>et</span> <span class='ocrx_word' id='word_1_47' title='bbox 1678 1329 1837 1406; x_wconf 88' lang='lat' dir='ltr'>Heluetii,</span> 
     </span>
     <span class='ocr_line' id='line_1_6' title="bbox 442 1437 1837 1522; baseline 0.001 -21"><span class='ocrx_word' id='word_1_48' title='bbox 442 1447 474 1501; x_wconf 91' lang='lat' dir='ltr'>et</span> <span class='ocrx_word' id='word_1_49' title='bbox 495 1437 549 1501; x_wconf 88' lang='lat' dir='ltr'>alii</span> <span class='ocrx_word' id='word_1_50' title='bbox 572 1447 776 1517; x_wconf 90' lang='lat' dir='ltr'>censuerunt,</span> <span class='ocrx_word' id='word_1_51' title='bbox 798 1449 834 1502; x_wconf 90' lang='lat' dir='ltr'>ut</span> <span class='ocrx_word' id='word_1_52' title='bbox 857 1439 1095 1522; x_wconf 87' lang='lat' dir='ltr'>potentioribus</span> <span class='ocrx_word' id='word_1_53' title='bbox 1122 1440 1275 1503; x_wconf 83' lang='lat' dir='ltr'>cederent</span> <span class='ocrx_word' id='word_1_54' title='bbox 1305 1447 1338 1502; x_wconf 87' lang='lat' dir='ltr'>et</span> <span class='ocrx_word' id='word_1_55' title='bbox 1361 1439 1564 1520; x_wconf 87' lang='lat' dir='ltr'>dignioribus</span> <span class='ocrx_word' id='word_1_56' title='bbox 1588 1439 1780 1503; x_wconf 88' lang='lat' dir='ltr'>infirmiores</span> <span class='ocrx_word' id='word_1_57' title='bbox 1803 1447 1837 1502; x_wconf 90' lang='lat' dir='ltr'>et</span> 
     </span>
     <span class='ocr_line' id='line_1_7' title="bbox 442 1548 1837 1638; baseline 0.001 -26"><span class='ocrx_word' id='word_1_58' title='bbox 442 1549 548 1612; x_wconf 88' lang='lat' dir='ltr'>minus</span> <span class='ocrx_word' id='word_1_59' title='bbox 565 1550 656 1632; x_wconf 83' lang='lat' dir='ltr'>digni</span> <span class='ocrx_word' id='word_1_60' title='bbox 667 1549 688 1614; x_wconf 76' lang='lat'>³.</span> <span class='ocrx_word' id='word_1_61' title='bbox 733 1549 812 1613; x_wconf 91' lang='lat' dir='ltr'>Non</span> <span class='ocrx_word' id='word_1_62' title='bbox 827 1550 908 1614; x_wconf 92' lang='lat' dir='ltr'>haec</span> <span class='ocrx_word' id='word_1_63' title='bbox 924 1571 1039 1614; x_wconf 85' lang='lat' dir='ltr'>caussa</span> <span class='ocrx_word' id='word_1_64' title='bbox 1054 1549 1155 1629; x_wconf 90' lang='lat' dir='ltr'>ullibi,</span> <span class='ocrx_word' id='word_1_65' title='bbox 1175 1551 1293 1638; x_wconf 83' lang='lat' dir='ltr'>modus</span> <span class='ocrx_word' id='word_1_66' title='bbox 1316 1549 1369 1613; x_wconf 92' lang='lat' dir='ltr'>hie</span> <span class='ocrx_word' id='word_1_67' title='bbox 1387 1558 1421 1612; x_wconf 91' lang='lat' dir='ltr'>et</span> <span class='ocrx_word' id='word_1_68' title='bbox 1438 1548 1553 1613; x_wconf 87' lang='lat' dir='ltr'>titulus</span> <span class='ocrx_word' id='word_1_69' title='bbox 1568 1550 1762 1632; x_wconf 91' lang='lat' dir='ltr'>adquirendi</span> <span class='ocrx_word' id='word_1_70' title='bbox 1778 1570 1837 1614; x_wconf 90' lang='lat' dir='ltr'>no-</span> 
     </span>
     <span class='ocr_line' id='line_1_8' title="bbox 441 1659 1836 1744; baseline -0.001 -20"><span class='ocrx_word' id='word_1_71' title='bbox 441 1669 538 1725; x_wconf 89' lang='lat' dir='ltr'>tatur.</span> <span class='ocrx_word' id='word_1_72' title='bbox 580 1661 627 1724; x_wconf 89' lang='lat' dir='ltr'>Et</span> <span class='ocrx_word' id='word_1_73' title='bbox 648 1671 781 1725; x_wconf 84' lang='lat' dir='ltr'>notatur</span> <span class='ocrx_word' id='word_1_74' title='bbox 800 1659 903 1739; x_wconf 88' lang='lat' dir='ltr'>Plato,</span> <span class='ocrx_word' id='word_1_75' title='bbox 920 1662 976 1744; x_wconf 93' lang='lat' dir='ltr'>qui</span> <span class='ocrx_word' id='word_1_76' title='bbox 995 1662 1061 1725; x_wconf 90' lang='lat' dir='ltr'>tale</span> <span class='ocrx_word' id='word_1_77' title='bbox 1079 1661 1203 1743; x_wconf 90' lang='lat' dir='ltr'>aliquid</span> <span class='ocrx_word' id='word_1_78' title='bbox 1222 1681 1282 1744; x_wconf 93' lang='lat' dir='ltr'>per</span> <span class='ocrx_word' id='word_1_79' title='bbox 1298 1679 1392 1724; x_wconf 89' lang='lat' dir='ltr'>suam</span> <span class='ocrx_word' id='word_1_80' title='bbox 1411 1659 1654 1724; x_wconf 87' lang='lat' dir='ltr'>Geometricam</span> <span class='ocrx_word' id='word_1_81' title='bbox 1675 1661 1836 1724; x_wconf 89' lang='lat' dir='ltr'>rationem</span> 
     </span>
     <span class='ocr_line' id='line_1_9' title="bbox 443 1771 1837 1855; baseline 0.001 -21"><span class='ocrx_word' id='word_1_82' title='bbox 443 1772 558 1836; x_wconf 89' lang='lat' dir='ltr'>docere</span> <span class='ocrx_word' id='word_1_83' title='bbox 576 1772 665 1836; x_wconf 90' lang='lat' dir='ltr'>uisus</span> <span class='ocrx_word' id='word_1_84' title='bbox 681 1783 730 1836; x_wconf 94' lang='lat' dir='ltr'>est</span> <span class='ocrx_word' id='word_1_85' title='bbox 740 1771 763 1838; x_wconf 79' lang='lat'>⁴.</span> <span class='ocrx_word' id='word_1_86' title='bbox 794 1773 841 1837; x_wconf 89' lang='lat' dir='ltr'>Et</span> <span class='ocrx_word' id='word_1_87' title='bbox 856 1773 1048 1837; x_wconf 88' lang='lat' dir='ltr'>uerberatur</span> <span class='ocrx_word' id='word_1_88' title='bbox 1063 1772 1179 1855; x_wconf 90' lang='lat' dir='ltr'>Cyrus,</span> <span class='ocrx_word' id='word_1_89' title='bbox 1194 1773 1249 1855; x_wconf 92' lang='lat' dir='ltr'>qui</span> <span class='ocrx_word' id='word_1_90' title='bbox 1266 1781 1393 1836; x_wconf 90' lang='lat' dir='ltr'>uestem</span> <span class='ocrx_word' id='word_1_91' title='bbox 1409 1771 1604 1855; x_wconf 90' lang='lat' dir='ltr'>ampliorem</span> <span class='ocrx_word' id='word_1_92' title='bbox 1620 1791 1686 1835; x_wconf 92' lang='lat' dir='ltr'>non</span> <span class='ocrx_word' id='word_1_93' title='bbox 1701 1773 1837 1836; x_wconf 91' lang='lat' dir='ltr'>domino</span> 
     </span>
     <span class='ocr_line' id='line_1_10' title="bbox 442 1883 1837 1966; baseline 0.001 -20"><span class='ocrx_word' id='word_1_94' title='bbox 442 1885 549 1961; x_wconf 89' lang='lat' dir='ltr'>uestis,</span> <span class='ocrx_word' id='word_1_95' title='bbox 565 1884 624 1948; x_wconf 91' lang='lat' dir='ltr'>sed</span> <span class='ocrx_word' id='word_1_96' title='bbox 640 1884 710 1948; x_wconf 91' lang='lat' dir='ltr'>uiro</span> <span class='ocrx_word' id='word_1_97' title='bbox 725 1885 885 1966; x_wconf 91' lang='lat' dir='ltr'>ampliori,</span> <span class='ocrx_word' id='word_1_98' title='bbox 900 1884 1083 1948; x_wconf 89' lang='lat' dir='ltr'>breuiorem</span> <span class='ocrx_word' id='word_1_99' title='bbox 1098 1883 1191 1948; x_wconf 89' lang='lat' dir='ltr'>alteri</span> <span class='ocrx_word' id='word_1_100' title='bbox 1206 1885 1317 1948; x_wconf 89' lang='lat' dir='ltr'>aditus</span> <span class='ocrx_word' id='word_1_101' title='bbox 1332 1885 1434 1947; x_wconf 90' lang='lat' dir='ltr'>iudex</span> <span class='ocrx_word' id='word_1_102' title='bbox 1449 1884 1617 1947; x_wconf 87' lang='lat' dir='ltr'>adiudicat</span> <span class='ocrx_word' id='word_1_103' title='bbox 1633 1903 1723 1966; x_wconf 88' lang='lat' dir='ltr'>puer.</span> <span class='ocrx_word' id='word_1_104' title='bbox 1769 1883 1837 1947; x_wconf 91' lang='lat' dir='ltr'>Irn-</span> 
     </span>
     <span class='ocr_line' id='line_1_11' title="bbox 442 1993 1839 2077; baseline 0.001 -21"><span class='ocrx_word' id='word_1_105' title='bbox 442 1995 618 2076; x_wconf 92' lang='lat' dir='ltr'>proborum</span> <span class='ocrx_word' id='word_1_106' title='bbox 642 2015 749 2059; x_wconf 91' lang='lat' dir='ltr'>sermo</span> <span class='ocrx_word' id='word_1_107' title='bbox 772 1994 975 2077; x_wconf 76' lang='lat' dir='ltr'>significatur</span> <span class='ocrx_word' id='word_1_108' title='bbox 999 1995 1034 2074; x_wconf 89' lang='lat' dir='ltr'>is,</span> <span class='ocrx_word' id='word_1_109' title='bbox 1055 1996 1158 2058; x_wconf 89' lang='lat' dir='ltr'>‘Esto</span> <span class='ocrx_word' id='word_1_110' title='bbox 1182 1993 1281 2058; x_wconf 91' lang='lat' dir='ltr'>robur</span> <span class='ocrx_word' id='word_1_111' title='bbox 1305 2004 1453 2058; x_wconf 90' lang='lat' dir='ltr'>nostrum</span> <span class='ocrx_word' id='word_1_112' title='bbox 1478 1993 1534 2058; x_wconf 89' lang='lat' dir='ltr'>lex</span> <span class='ocrx_word' id='word_1_113' title='bbox 1559 1993 1703 2058; x_wconf 87' lang='lat' dir='ltr'>iustitiae</span> <span class='ocrx_word' id='word_1_114' title='bbox 1712 1993 1743 2059; x_wconf 68' lang='lat'>⁶?</span> <span class='ocrx_word' id='word_1_115' title='bbox 1785 1994 1839 2058; x_wconf 89' lang='lat' dir='ltr'>At</span> 
     </span>
     <span class='ocr_line' id='line_1_12' title="bbox 443 2104 1837 2188; baseline 0 -20"><span class='ocrx_word' id='word_1_116' title='bbox 443 2105 531 2187; x_wconf 93' lang='lat' dir='ltr'>quod</span> <span class='ocrx_word' id='word_1_117' title='bbox 551 2104 710 2188; x_wconf 88' lang='lat' dir='ltr'>Uirgilius</span> <span class='ocrx_word' id='word_1_118' title='bbox 732 2105 850 2187; x_wconf 87' lang='lat' dir='ltr'>attigit,</span> <span class='ocrx_word' id='word_1_119' title='bbox 869 2105 901 2168; x_wconf 91' lang='lat' dir='ltr'>id</span> <span class='ocrx_word' id='word_1_120' title='bbox 922 2105 1044 2168; x_wconf 86' lang='lat' dir='ltr'>iustum</span> <span class='ocrx_word' id='word_1_121' title='bbox 1068 2114 1127 2183; x_wconf 91' lang='lat' dir='ltr'>est,</span> <span class='ocrx_word' id='word_1_122' title='bbox 1146 2114 1183 2168; x_wconf 91' lang='lat' dir='ltr'>ut</span> <span class='ocrx_word' id='word_1_123' title='bbox 1206 2105 1391 2183; x_wconf 91' lang='lat' dir='ltr'>innocuum,</span> <span class='ocrx_word' id='word_1_124' title='bbox 1410 2125 1475 2186; x_wconf 91' lang='lat' dir='ltr'>qua</span> <span class='ocrx_word' id='word_1_125' title='bbox 1499 2104 1567 2168; x_wconf 86' lang='lat' dir='ltr'>fieri</span> <span class='ocrx_word' id='word_1_126' title='bbox 1591 2113 1709 2186; x_wconf 85' lang='lat' dir='ltr'>potest,</span> <span class='ocrx_word' id='word_1_127' title='bbox 1729 2104 1837 2168; x_wconf 92' lang='lat' dir='ltr'>locum</span> 
     </span>
     <span class='ocr_line' id='line_1_13' title="bbox 443 2215 1836 2299; baseline 0.001 -21"><span class='ocrx_word' id='word_1_128' title='bbox 443 2215 612 2280; x_wconf 87' lang='lat' dir='ltr'>obtineant</span> <span class='ocrx_word' id='word_1_129' title='bbox 637 2215 756 2281; x_wconf 88' lang='lat' dir='ltr'>alicubi</span> <span class='ocrx_word' id='word_1_130' title='bbox 779 2217 835 2299; x_wconf 90' lang='lat' dir='ltr'>qui</span> <span class='ocrx_word' id='word_1_131' title='bbox 861 2216 980 2280; x_wconf 89' lang='lat' dir='ltr'>deiecti</span> <span class='ocrx_word' id='word_1_132' title='bbox 1006 2217 1049 2280; x_wconf 93' lang='lat' dir='ltr'>de</span> <span class='ocrx_word' id='word_1_133' title='bbox 1074 2237 1134 2280; x_wconf 88' lang='lat' dir='ltr'>suo</span> <span class='ocrx_word' id='word_1_134' title='bbox 1160 2224 1246 2290; x_wconf 89' lang='lat' dir='ltr'>sunt,</span> <span class='ocrx_word' id='word_1_135' title='bbox 1270 2215 1364 2278; x_wconf 92' lang='lat' dir='ltr'>‘Diis</span> <span class='ocrx_word' id='word_1_136' title='bbox 1390 2217 1503 2280; x_wconf 92' lang='lat' dir='ltr'>sedem</span> <span class='ocrx_word' id='word_1_137' title='bbox 1531 2217 1687 2299; x_wconf 89' lang='lat' dir='ltr'>exiguam</span> <span class='ocrx_word' id='word_1_138' title='bbox 1714 2217 1836 2298; x_wconf 90' lang='lat' dir='ltr'>patriis,</span> 
     </span>
     <span class='ocr_line' id='line_1_14' title="bbox 444 2325 1838 2409; baseline 0.002 -22"><span class='ocrx_word' id='word_1_139' title='bbox 444 2325 621 2409; x_wconf 87' lang='lat' dir='ltr'>‘littusque</span> <span class='ocrx_word' id='word_1_140' title='bbox 636 2347 791 2408; x_wconf 89' lang='lat' dir='ltr'>rogamus</span> <span class='ocrx_word' id='word_1_141' title='bbox 809 2327 994 2405; x_wconf 88' lang='lat' dir='ltr'>innocuum,</span> <span class='ocrx_word' id='word_1_142' title='bbox 1011 2337 1045 2391; x_wconf 89' lang='lat' dir='ltr'>et</span> <span class='ocrx_word' id='word_1_143' title='bbox 1063 2327 1189 2390; x_wconf 88' lang='lat' dir='ltr'>cunctis</span> <span class='ocrx_word' id='word_1_144' title='bbox 1207 2325 1406 2407; x_wconf 90' lang='lat' dir='ltr'>undamque,</span> <span class='ocrx_word' id='word_1_145' title='bbox 1422 2346 1604 2408; x_wconf 87' lang='lat' dir='ltr'>auramque</span> <span class='ocrx_word' id='word_1_146' title='bbox 1625 2336 1796 2409; x_wconf 89' lang='lat' dir='ltr'>patentem</span> <span class='ocrx_word' id='word_1_147' title='bbox 1807 2325 1838 2390; x_wconf 60' lang='grc' dir='ltr'>θ]</span> 
     </span>
     <span class='ocr_line' id='line_1_15' title="bbox 446 2437 1838 2519; baseline 0.001 -19"><span class='ocrx_word' id='word_1_148' title='bbox 446 2437 537 2502; x_wconf 89' lang='lat' dir='ltr'>Haec</span> <span class='ocrx_word' id='word_1_149' title='bbox 561 2447 594 2501; x_wconf 90' lang='lat' dir='ltr'>et</span> <span class='ocrx_word' id='word_1_150' title='bbox 617 2441 751 2502; x_wconf 91' lang='lat' dir='ltr'>concedi</span> <span class='ocrx_word' id='word_1_151' title='bbox 774 2439 905 2518; x_wconf 87' lang='lat' dir='ltr'>debent,</span> <span class='ocrx_word' id='word_1_152' title='bbox 924 2441 951 2502; x_wconf 90' lang='lat' dir='ltr'>si</span> <span class='ocrx_word' id='word_1_153' title='bbox 975 2448 1009 2503; x_wconf 93' lang='lat' dir='ltr'>et</span> <span class='ocrx_word' id='word_1_154' title='bbox 1030 2437 1165 2502; x_wconf 89' lang='lat' dir='ltr'>concedi</span> <span class='ocrx_word' id='word_1_155' title='bbox 1191 2457 1256 2500; x_wconf 94' lang='lat' dir='ltr'>non</span> <span class='ocrx_word' id='word_1_156' title='bbox 1276 2437 1579 2501; x_wconf 89' lang='lat' dir='ltr'>incommodissime</span> <span class='ocrx_word' id='word_1_157' title='bbox 1597 2447 1745 2519; x_wconf 90' lang='lat' dir='ltr'>possunt.</span> <span class='ocrx_word' id='word_1_158' title='bbox 1792 2439 1838 2501; x_wconf 91' lang='lat' dir='ltr'>Et</span> 
     </span>
     <span class='ocr_line' id='line_1_16' title="bbox 444 2546 1837 2630; baseline 0.001 -19"><span class='ocrx_word' id='word_1_159' title='bbox 444 2549 619 2613; x_wconf 89' lang='lat' dir='ltr'>concedere</span> <span class='ocrx_word' id='word_1_160' title='bbox 638 2550 684 2613; x_wconf 89' lang='lat' dir='ltr'>sic</span> <span class='ocrx_word' id='word_1_161' title='bbox 703 2547 842 2613; x_wconf 89' lang='lat' dir='ltr'>Latinus</span> <span class='ocrx_word' id='word_1_162' title='bbox 860 2550 964 2614; x_wconf 87' lang='lat' dir='ltr'>uoluit</span> <span class='ocrx_word' id='word_1_163' title='bbox 979 2550 1114 2614; x_wconf 89' lang='lat' dir='ltr'>Teucris</span> <span class='ocrx_word' id='word_1_164' title='bbox 1123 2547 1146 2610; x_wconf 78' lang='lat'>⁷.</span> <span class='ocrx_word' id='word_1_165' title='bbox 1193 2549 1238 2612; x_wconf 93' lang='lat' dir='ltr'>Et</span> <span class='ocrx_word' id='word_1_166' title='bbox 1257 2547 1329 2610; x_wconf 91' lang='lat' dir='ltr'>aliis</span> <span class='ocrx_word' id='word_1_167' title='bbox 1344 2549 1390 2611; x_wconf 92' lang='lat' dir='ltr'>sic</span> <span class='ocrx_word' id='word_1_168' title='bbox 1405 2546 1460 2612; x_wconf 88' lang='lat' dir='ltr'>alii</span> <span class='ocrx_word' id='word_1_169' title='bbox 1479 2558 1711 2612; x_wconf 89' lang='lat' dir='ltr'>concesserunt</span> <span class='ocrx_word' id='word_1_170' title='bbox 1729 2569 1837 2630; x_wconf 88' lang='lat' dir='ltr'>saepe.</span> 
     </span>
     <span class='ocr_line' id='line_1_17' title="bbox 446 2657 1836 2742; baseline 0.001 -22"><span class='ocrx_word' id='word_1_171' title='bbox 446 2657 534 2722; x_wconf 92' lang='lat' dir='ltr'>Bene</span> <span class='ocrx_word' id='word_1_172' title='bbox 560 2680 638 2723; x_wconf 89' lang='lat' dir='ltr'>uero</span> <span class='ocrx_word' id='word_1_173' title='bbox 667 2659 843 2738; x_wconf 89' lang='lat' dir='ltr'>Ansibarii‚</span> <span class='ocrx_word' id='word_1_174' title='bbox 870 2660 955 2742; x_wconf 90' lang='lat' dir='ltr'>pulsi</span> <span class='ocrx_word' id='word_1_175' title='bbox 980 2681 1000 2724; x_wconf 90' lang='lat' dir='ltr'>a</span> <span class='ocrx_word' id='word_1_176' title='bbox 1028 2659 1179 2737; x_wconf 86' lang='lat' dir='ltr'>Chaucis,</span> <span class='ocrx_word' id='word_1_177' title='bbox 1206 2659 1388 2741; x_wconf 88' lang='lat' dir='ltr'>sedumque</span> <span class='ocrx_word' id='word_1_178' title='bbox 1411 2659 1535 2741; x_wconf 76' lang='lat' dir='ltr'>inopeS,</span> <span class='ocrx_word' id='word_1_179' title='bbox 1562 2667 1671 2722; x_wconf 92' lang='lat' dir='ltr'>tutum</span> <span class='ocrx_word' id='word_1_180' title='bbox 1699 2659 1836 2722; x_wconf 89' lang='lat' dir='ltr'>exilium</span> 
     </span>
     <span class='ocr_line' id='line_1_18' title="bbox 446 2769 1838 2853; baseline 0 -19"><span class='ocrx_word' id='word_1_181' title='bbox 446 2780 581 2848; x_wconf 87' lang='lat' dir='ltr'>orantes,</span> <span class='ocrx_word' id='word_1_182' title='bbox 599 2770 710 2836; x_wconf 85' lang='lat' dir='ltr'>‘Sicut</span> <span class='ocrx_word' id='word_1_183' title='bbox 725 2771 853 2836; x_wconf 90' lang='lat' dir='ltr'>coelum</span> <span class='ocrx_word' id='word_1_184' title='bbox 869 2771 940 2849; x_wconf 91' lang='lat' dir='ltr'>diis,</span> <span class='ocrx_word' id='word_1_185' title='bbox 956 2771 1002 2834; x_wconf 88' lang='lat' dir='ltr'>ita</span> <span class='ocrx_word' id='word_1_186' title='bbox 1017 2780 1119 2834; x_wconf 88' lang='lat' dir='ltr'>terras</span> <span class='ocrx_word' id='word_1_187' title='bbox 1134 2771 1245 2852; x_wconf 91' lang='lat' dir='ltr'>generi</span> <span class='ocrx_word' id='word_1_188' title='bbox 1262 2769 1450 2834; x_wconf 86' lang='lat' dir='ltr'>mortalium</span> <span class='ocrx_word' id='word_1_189' title='bbox 1467 2772 1581 2848; x_wconf 86' lang='lat' dir='ltr'>datas3</span> <span class='ocrx_word' id='word_1_190' title='bbox 1605 2791 1756 2853; x_wconf 91' lang='lat' dir='ltr'>quaeque</span> <span class='ocrx_word' id='word_1_191' title='bbox 1771 2771 1838 2834; x_wconf 89' lang='lat' dir='ltr'>sint</span> 
     </span>
     <span class='ocr_line' id='line_1_19' title="bbox 446 2880 1836 2966; baseline 0.002 -23"><span class='ocrx_word' id='word_1_192' title='bbox 446 2885 598 2960; x_wconf 89' lang='lat' dir='ltr'>‘uacuae,</span> <span class='ocrx_word' id='word_1_193' title='bbox 623 2904 678 2947; x_wconf 88' lang='lat' dir='ltr'>eas</span> <span class='ocrx_word' id='word_1_194' title='bbox 700 2883 847 2966; x_wconf 92' lang='lat' dir='ltr'>publicas</span> <span class='ocrx_word' id='word_1_195' title='bbox 874 2902 955 2947; x_wconf 90' lang='lat' dir='ltr'>esse.</span> <span class='ocrx_word' id='word_1_196' title='bbox 984 2882 1097 2955; x_wconf 91' lang='lat' dir='ltr'>solem,</span> <span class='ocrx_word' id='word_1_197' title='bbox 1126 2891 1160 2944; x_wconf 92' lang='lat' dir='ltr'>et</span> <span class='ocrx_word' id='word_1_198' title='bbox 1185 2882 1293 2944; x_wconf 86' lang='lat' dir='ltr'>sidera</span> <span class='ocrx_word' id='word_1_199' title='bbox 1321 2881 1408 2944; x_wconf 93' lang='lat' dir='ltr'>nolle</span> <span class='ocrx_word' id='word_1_200' title='bbox 1430 2881 1577 2944; x_wconf 92' lang='lat' dir='ltr'>contueri</span> <span class='ocrx_word' id='word_1_201' title='bbox 1600 2883 1697 2944; x_wconf 90' lang='lat' dir='ltr'>inane</span> <span class='ocrx_word' id='word_1_202' title='bbox 1718 2880 1836 2946; x_wconf 91' lang='lat' dir='ltr'>solum.</span> 
     </span>
     <span class='ocr_line' id='line_1_20' title="bbox 446 2987 1837 3075; baseline -0.001 -19"><span class='ocrx_word' id='word_1_203' title='bbox 446 2994 576 3074; x_wconf 91' lang='lat' dir='ltr'>‘potius</span> <span class='ocrx_word' id='word_1_204' title='bbox 605 3013 696 3056; x_wconf 89' lang='lat' dir='ltr'>mare</span> <span class='ocrx_word' id='word_1_205' title='bbox 726 2993 996 3075; x_wconf 86' lang='lat' dir='ltr'>superfunderent</span> <span class='ocrx_word' id='word_1_206' title='bbox 1026 2993 1183 3055; x_wconf 90' lang='lat' dir='ltr'>aduersus</span> <span class='ocrx_word' id='word_1_207' title='bbox 1212 3000 1372 3055; x_wconf 89' lang='lat' dir='ltr'>terrarum</span> <span class='ocrx_word' id='word_1_208' title='bbox 1403 3000 1568 3073; x_wconf 87' lang='lat' dir='ltr'>ereptores</span> <span class='ocrx_word' id='word_1_209' title='bbox 1578 2987 1610 3056; x_wconf 84' lang='lat'>⁸.’</span> <span class='ocrx_word' id='word_1_210' title='bbox 1667 2991 1722 3056; x_wconf 92' lang='lat' dir='ltr'>Sic</span> <span class='ocrx_word' id='word_1_211' title='bbox 1749 3013 1837 3070; x_wconf 89' lang='lat' dir='ltr'>sane,</span> 
     </span>
     <span class='ocr_line' id='line_1_21' title="bbox 447 3099 1840 3184; baseline -0.001 -18"><span class='ocrx_word' id='word_1_212' title='bbox 447 3103 558 3166; x_wconf 91' lang='lat' dir='ltr'>‘Deus</span> <span class='ocrx_word' id='word_1_213' title='bbox 577 3124 642 3167; x_wconf 93' lang='lat' dir='ltr'>non</span> <span class='ocrx_word' id='word_1_214' title='bbox 658 3105 700 3168; x_wconf 89' lang='lat' dir='ltr'>ad</span> <span class='ocrx_word' id='word_1_215' title='bbox 719 3105 913 3168; x_wconf 88' lang='lat' dir='ltr'>inanitatem</span> <span class='ocrx_word' id='word_1_216' title='bbox 933 3105 1056 3168; x_wconf 91' lang='lat' dir='ltr'>creauit</span> <span class='ocrx_word' id='word_1_217' title='bbox 1073 3112 1195 3167; x_wconf 89' lang='lat' dir='ltr'>terram</span> <span class='ocrx_word' id='word_1_218' title='bbox 1204 3099 1237 3165; x_wconf 66' lang='lat'>⁹?</span> <span class='ocrx_word' id='word_1_219' title='bbox 1282 3103 1328 3166; x_wconf 93' lang='lat' dir='ltr'>Et</span> <span class='ocrx_word' id='word_1_220' title='bbox 1343 3122 1422 3184; x_wconf 85' lang='lat' dir='ltr'>ergo</span> <span class='ocrx_word' id='word_1_221' title='bbox 1437 3103 1515 3165; x_wconf 91' lang='lat' dir='ltr'>iuris</span> <span class='ocrx_word' id='word_1_222' title='bbox 1533 3111 1670 3166; x_wconf 90' lang='lat' dir='ltr'>naturae</span> <span class='ocrx_word' id='word_1_223' title='bbox 1687 3113 1840 3167; x_wconf 84' lang='lat' dir='ltr'>censetur</span> 
     </span>
     <span class='ocr_line' id='line_1_22' title="bbox 444 3212 1839 3297; baseline 0 -20"><span class='ocrx_word' id='word_1_224' title='bbox 444 3215 615 3297; x_wconf 90' lang='lat' dir='ltr'>occupatio</span> <span class='ocrx_word' id='word_1_225' title='bbox 631 3213 853 3279; x_wconf 65' lang='lat' dir='ltr'>uacuorumm.</span> <span class='ocrx_word' id='word_1_226' title='bbox 891 3214 948 3279; x_wconf 90' lang='lat' dir='ltr'>Sic</span> <span class='ocrx_word' id='word_1_227' title='bbox 963 3217 996 3278; x_wconf 90' lang='lat' dir='ltr'>in</span> <span class='ocrx_word' id='word_1_228' title='bbox 1012 3215 1118 3296; x_wconf 87' lang='lat' dir='ltr'>prisco</span> <span class='ocrx_word' id='word_1_229' title='bbox 1133 3213 1256 3278; x_wconf 89' lang='lat' dir='ltr'>lactum</span> <span class='ocrx_word' id='word_1_230' title='bbox 1273 3215 1409 3278; x_wconf 85' lang='lat' dir='ltr'>mundo.</span> <span class='ocrx_word' id='word_1_231' title='bbox 1448 3213 1503 3278; x_wconf 92' lang='lat' dir='ltr'>Sic</span> <span class='ocrx_word' id='word_1_232' title='bbox 1520 3215 1646 3292; x_wconf 89' lang='lat' dir='ltr'>Bataui,</span> <span class='ocrx_word' id='word_1_233' title='bbox 1661 3212 1741 3277; x_wconf 91' lang='lat' dir='ltr'>olim</span> <span class='ocrx_word' id='word_1_234' title='bbox 1757 3213 1839 3278; x_wconf 85' lang='lat' dir='ltr'>Cat·</span> 
     </span>
     <span class='ocr_line' id='line_1_23' title="bbox 446 3325 1838 3409; baseline 0 -21"><span class='ocrx_word' id='word_1_235' title='bbox 446 3335 551 3390; x_wconf 88' lang='lat' dir='ltr'>torum</span> <span class='ocrx_word' id='word_1_236' title='bbox 577 3345 662 3409; x_wconf 90' lang='lat' dir='ltr'>pars,</span> <span class='ocrx_word' id='word_1_237' title='bbox 688 3327 849 3390; x_wconf 87' lang='lat' dir='ltr'>seditione</span> <span class='ocrx_word' id='word_1_238' title='bbox 875 3327 1056 3390; x_wconf 91' lang='lat' dir='ltr'>domestica</span> <span class='ocrx_word' id='word_1_239' title='bbox 1082 3327 1176 3409; x_wconf 90' lang='lat' dir='ltr'>pulsi,</span> <span class='ocrx_word' id='word_1_240' title='bbox 1203 3345 1307 3390; x_wconf 90' lang='lat' dir='ltr'>uacua</span> <span class='ocrx_word' id='word_1_241' title='bbox 1333 3326 1511 3390; x_wconf 89' lang='lat' dir='ltr'>cultoribus</span> <span class='ocrx_word' id='word_1_242' title='bbox 1538 3325 1609 3390; x_wconf 89' lang='lat' dir='ltr'>loca</span> <span class='ocrx_word' id='word_1_243' title='bbox 1638 3343 1725 3407; x_wconf 88' lang='lat' dir='ltr'>quae</span> <span class='ocrx_word' id='word_1_244' title='bbox 1751 3343 1838 3388; x_wconf 89' lang='lat' dir='ltr'>nunc</span> 
     </span>
     <span class='ocr_line' id='line_1_24' title="bbox 446 3435 1837 3520; baseline -0.001 -21"><span class='ocrx_word' id='word_1_245' title='bbox 446 3443 558 3502; x_wconf 90' lang='lat' dir='ltr'>tenent</span> <span class='ocrx_word' id='word_1_246' title='bbox 576 3447 786 3520; x_wconf 90' lang='lat' dir='ltr'>occuparunt.</span> <span class='ocrx_word' id='word_1_247' title='bbox 832 3437 887 3502; x_wconf 90' lang='lat' dir='ltr'>Sic</span> <span class='ocrx_word' id='word_1_248' title='bbox 908 3437 962 3501; x_wconf 89' lang='lat' dir='ltr'>alii</span> <span class='ocrx_word' id='word_1_249' title='bbox 984 3437 1138 3516; x_wconf 87' lang='lat' dir='ltr'>fecerunt,</span> <span class='ocrx_word' id='word_1_250' title='bbox 1157 3445 1192 3500; x_wconf 90' lang='lat' dir='ltr'>et</span> <span class='ocrx_word' id='word_1_251' title='bbox 1209 3436 1341 3501; x_wconf 81' lang='lat' dir='ltr'>facient.</span> <span class='ocrx_word' id='word_1_252' title='bbox 1388 3436 1443 3500; x_wconf 91' lang='lat' dir='ltr'>Sic</span> <span class='ocrx_word' id='word_1_253' title='bbox 1464 3436 1506 3500; x_wconf 89' lang='lat' dir='ltr'>de</span> <span class='ocrx_word' id='word_1_254' title='bbox 1525 3435 1620 3499; x_wconf 89' lang='lat' dir='ltr'>terris</span> <span class='ocrx_word' id='word_1_255' title='bbox 1640 3435 1780 3510; x_wconf 91' lang='lat' dir='ltr'>incultis,</span> <span class='ocrx_word' id='word_1_256' title='bbox 1800 3445 1837 3498; x_wconf 90' lang='lat' dir='ltr'>ut</span> 
     </span>
     <span class='ocr_line' id='line_1_25' title="bbox 447 3545 1836 3632; baseline -0.002 -21"><span class='ocrx_word' id='word_1_257' title='bbox 447 3559 642 3630; x_wconf 88' lang='lat' dir='ltr'>quaerantur</span> <span class='ocrx_word' id='word_1_258' title='bbox 659 3550 831 3632; x_wconf 89' lang='lat' dir='ltr'>occupanti</span> <span class='ocrx_word' id='word_1_259' title='bbox 850 3549 943 3632; x_wconf 90' lang='lat' dir='ltr'>quasi</span> <span class='ocrx_word' id='word_1_260' title='bbox 963 3547 1091 3626; x_wconf 91' lang='lat' dir='ltr'>nullius,</span> <span class='ocrx_word' id='word_1_261' title='bbox 1110 3548 1212 3612; x_wconf 91' lang='lat' dir='ltr'>nostri</span> <span class='ocrx_word' id='word_1_262' title='bbox 1231 3549 1362 3611; x_wconf 90' lang='lat' dir='ltr'>docent.</span> <span class='ocrx_word' id='word_1_263' title='bbox 1386 3557 1419 3610; x_wconf 92' lang='lat' dir='ltr'>et</span> <span class='ocrx_word' id='word_1_264' title='bbox 1437 3547 1593 3629; x_wconf 90' lang='lat' dir='ltr'>principis</span> <span class='ocrx_word' id='word_1_265' title='bbox 1608 3545 1759 3608; x_wconf 90' lang='lat' dir='ltr'>territorii</span> <span class='ocrx_word' id='word_1_266' title='bbox 1776 3547 1836 3609; x_wconf 88' lang='lat' dir='ltr'>etsi</span> 
     </span>
     <span class='ocr_line' id='line_1_26' title="bbox 446 3657 1838 3743; baseline 0 -22"><span class='ocrx_word' id='word_1_267' title='bbox 446 3659 517 3737; x_wconf 91' lang='lat' dir='ltr'>sint,</span> <span class='ocrx_word' id='word_1_268' title='bbox 539 3661 628 3743; x_wconf 91' lang='lat' dir='ltr'>quod</span> <span class='ocrx_word' id='word_1_269' title='bbox 651 3661 706 3724; x_wconf 92' lang='lat' dir='ltr'>alii</span> <span class='ocrx_word' id='word_1_270' title='bbox 728 3661 854 3735; x_wconf 90' lang='lat' dir='ltr'>uolunt,</span> <span class='ocrx_word' id='word_1_271' title='bbox 878 3660 997 3723; x_wconf 89' lang='lat' dir='ltr'>cedent</span> <span class='ocrx_word' id='word_1_272' title='bbox 1020 3669 1132 3722; x_wconf 88' lang='lat' dir='ltr'>tamen</span> <span class='ocrx_word' id='word_1_273' title='bbox 1159 3657 1333 3739; x_wconf 90' lang='lat' dir='ltr'>occupanti</span> <span class='ocrx_word' id='word_1_274' title='bbox 1356 3666 1491 3740; x_wconf 91' lang='lat' dir='ltr'>propter</span> <span class='ocrx_word' id='word_1_275' title='bbox 1513 3658 1563 3721; x_wconf 92' lang='lat' dir='ltr'>ius</span> <span class='ocrx_word' id='word_1_276' title='bbox 1585 3665 1730 3734; x_wconf 90' lang='lat' dir='ltr'>naturae,</span> <span class='ocrx_word' id='word_1_277' title='bbox 1753 3678 1838 3739; x_wconf 91' lang='lat' dir='ltr'>quae</span> 
     </span>
     <span class='ocr_line' id='line_1_27' title="bbox 449 3767 1838 3852; baseline 0 -19"><span class='ocrx_word' id='word_1_278' title='bbox 449 3771 525 3834; x_wconf 94' lang='lat' dir='ltr'>nihil</span> <span class='ocrx_word' id='word_1_279' title='bbox 540 3773 612 3837; x_wconf 93' lang='lat' dir='ltr'>uult</span> <span class='ocrx_word' id='word_1_280' title='bbox 628 3771 806 3837; x_wconf 90' lang='lat' dir='ltr'>uacuum¹¹.</span> <span class='ocrx_word' id='word_1_281' title='bbox 850 3771 922 3836; x_wconf 90' lang='lat' dir='ltr'>Sic:</span> <span class='ocrx_word' id='word_1_282' title='bbox 946 3780 980 3836; x_wconf 91' lang='lat' dir='ltr'>et</span> <span class='ocrx_word' id='word_1_283' title='bbox 995 3779 1128 3836; x_wconf 89' lang='lat' dir='ltr'>maneat</span> <span class='ocrx_word' id='word_1_284' title='bbox 1144 3769 1323 3833; x_wconf 87' lang='lat' dir='ltr'>iurisdictio</span> <span class='ocrx_word' id='word_1_285' title='bbox 1338 3769 1501 3852; x_wconf 90' lang='lat' dir='ltr'>principis.</span> <span class='ocrx_word' id='word_1_286' title='bbox 1547 3767 1719 3833; x_wconf 87' lang='lat' dir='ltr'>Laudatur</span> <span class='ocrx_word' id='word_1_287' title='bbox 1733 3768 1838 3833; x_wconf 88' lang='lat' dir='ltr'>Perti·</span> 
     </span>
     <span class='ocr_line' id='line_1_28' title="bbox 448 3879 1838 3966; baseline -0.001 -20"><span class='ocrx_word' id='word_1_288' title='bbox 448 3885 534 3947; x_wconf 87' lang='lat' dir='ltr'>nacis</span> <span class='ocrx_word' id='word_1_289' title='bbox 557 3885 674 3948; x_wconf 88' lang='lat' dir='ltr'>men&#39;to</span> <span class='ocrx_word' id='word_1_290' title='bbox 697 3881 820 3947; x_wconf 84' lang='lat' dir='ltr'>sactum</span> <span class='ocrx_word' id='word_1_291' title='bbox 844 3884 994 3966; x_wconf 91' lang='lat' dir='ltr'>primum,</span> <span class='ocrx_word' id='word_1_292' title='bbox 1011 3882 1066 3964; x_wconf 91' lang='lat' dir='ltr'>qui</span> <span class='ocrx_word' id='word_1_293' title='bbox 1082 3879 1238 3964; x_wconf 90' lang='lat' dir='ltr'>quicquid</span> <span class='ocrx_word' id='word_1_294' title='bbox 1262 3881 1295 3943; x_wconf 90' lang='lat' dir='ltr'>in</span> <span class='ocrx_word' id='word_1_295' title='bbox 1319 3879 1416 3944; x_wconf 90' lang='lat' dir='ltr'>Italia</span> <span class='ocrx_word' id='word_1_296' title='bbox 1439 3889 1497 3945; x_wconf 90' lang='lat' dir='ltr'>aut</span> <span class='ocrx_word' id='word_1_297' title='bbox 1519 3880 1597 3944; x_wconf 88' lang='lat' dir='ltr'>alibi</span> <span class='ocrx_word' id='word_1_298' title='bbox 1620 3879 1769 3962; x_wconf 87' lang='lat' dir='ltr'>gentium</span> <span class='ocrx_word' id='word_1_299' title='bbox 1789 3880 1838 3944; x_wconf 90' lang='lat' dir='ltr'>in·</span> 
     </span>
     <span class='ocr_line' id='line_1_29' title="bbox 448 3991 1838 4075; baseline -0.001 -18"><span class='ocrx_word' id='word_1_300' title='bbox 448 3994 523 4059; x_wconf 89' lang='lat' dir='ltr'>culti</span> <span class='ocrx_word' id='word_1_301' title='bbox 552 4004 638 4060; x_wconf 91' lang='lat' dir='ltr'>esset</span> <span class='ocrx_word' id='word_1_302' title='bbox 663 3994 733 4073; x_wconf 90' lang='lat' dir='ltr'>soli,</span> <span class='ocrx_word' id='word_1_303' title='bbox 760 3997 793 4059; x_wconf 92' lang='lat' dir='ltr'>id</span> <span class='ocrx_word' id='word_1_304' title='bbox 820 4004 928 4058; x_wconf 87' lang='lat' dir='ltr'>totum</span> <span class='ocrx_word' id='word_1_305' title='bbox 955 3992 1191 4075; x_wconf 89' lang='lat' dir='ltr'>occupantibus</span> <span class='ocrx_word' id='word_1_306' title='bbox 1216 3999 1250 4055; x_wconf 89' lang='lat' dir='ltr'>et</span> <span class='ocrx_word' id='word_1_307' title='bbox 1280 3992 1463 4056; x_wconf 87' lang='lat' dir='ltr'>colentibus</span> <span class='ocrx_word' id='word_1_308' title='bbox 1493 3991 1706 4057; x_wconf 90' lang='lat' dir='ltr'>adiudicauit.</span> <span class='ocrx_word' id='word_1_309' title='bbox 1738 3993 1838 4056; x_wconf 88' lang='lat' dir='ltr'>etiam</span> 
     </span>
     <span class='ocr_line' id='line_1_30' title="bbox 449 4103 1839 4187; baseline 0.003 -21"><span class='ocrx_word' id='word_1_310' title='bbox 449 4103 687 4171; x_wconf 89' lang='lat' dir='ltr'>immunitatem</span> <span class='ocrx_word' id='word_1_311' title='bbox 706 4106 864 4180; x_wconf 90' lang='lat' dir='ltr'>decennii,</span> <span class='ocrx_word' id='word_1_312' title='bbox 884 4115 917 4168; x_wconf 92' lang='lat' dir='ltr'>et</span> <span class='ocrx_word' id='word_1_313' title='bbox 936 4113 1129 4187; x_wconf 87' lang='lat' dir='ltr'>perpetuam</span> <span class='ocrx_word' id='word_1_314' title='bbox 1152 4104 1304 4186; x_wconf 91' lang='lat' dir='ltr'>agricolis</span> <span class='ocrx_word' id='word_1_315' title='bbox 1327 4103 1514 4169; x_wconf 87' lang='lat' dir='ltr'>libertatem</span> <span class='ocrx_word' id='word_1_316' title='bbox 1537 4108 1698 4172; x_wconf 89' lang='lat' dir='ltr'>concessit</span> <span class='ocrx_word' id='word_1_317' title='bbox 1706 4105 1740 4173; x_wconf 74' lang='lat'>¹².</span> <span class='ocrx_word' id='word_1_318' title='bbox 1786 4105 1839 4170; x_wconf 88' lang='lat' dir='ltr'>Ita</span> 
     </span>
    </p>
   </div>
   <div class='ocr_carea' id='block_1_3' title="bbox 446 4371 1807 4687">
    <p class='ocr_par' dir='ltr' id='par_1_3' title="bbox 446 4371 1807 4687">
     <span class='ocr_line' id='line_1_31' title="bbox 446 4371 1807 4440; baseline 0.002 -17"><span class='ocrx_word' id='word_1_319' title='bbox 446 4371 454 4404; x_wconf 87' lang='lat'><strong>¹</strong></span> <span class='ocrx_word' id='word_1_320' title='bbox 475 4373 541 4424; x_wconf 84' lang='lat' dir='ltr'>lusti.</span> <span class='ocrx_word' id='word_1_321' title='bbox 553 4375 596 4425; x_wconf 93' lang='lat' dir='ltr'>lib.</span> <span class='ocrx_word' id='word_1_322' title='bbox 611 4391 648 4439; x_wconf 84' lang='lat'>²4·</span> <span class='ocrx_word' id='word_1_323' title='bbox 660 4391 683 4426; x_wconf 84' lang='lat' dir='ltr'>c.</span> <span class='ocrx_word' id='word_1_324' title='bbox 696 4391 727 4440; x_wconf 84' lang='lat'>4;</span> <span class='ocrx_word' id='word_1_325' title='bbox 743 4375 814 4425; x_wconf 84' lang='lat' dir='ltr'>Caes.</span> <span class='ocrx_word' id='word_1_326' title='bbox 827 4375 855 4424; x_wconf 91' lang='lat' dir='ltr'>B.</span> <span class='ocrx_word' id='word_1_327' title='bbox 869 4375 916 4431; x_wconf 87' lang='lat' dir='ltr'>G.;</span> <span class='ocrx_word' id='word_1_328' title='bbox 934 4373 988 4423; x_wconf 91' lang='lat' dir='ltr'>Liu.</span> <span class='ocrx_word' id='word_1_329' title='bbox 1002 4388 1040 4439; x_wconf 78' lang='lat'>39.</span> <span class='ocrx_word' id='word_1_330' title='bbox 1052 4389 1101 4438; x_wconf 71' lang='lat'>40,</span> <span class='ocrx_word' id='word_1_331' title='bbox 1117 4375 1189 4425; x_wconf 88' lang='lat' dir='ltr'>Proe.</span> <span class='ocrx_word' id='word_1_332' title='bbox 1202 4375 1266 4424; x_wconf 81' lang='lat' dir='ltr'>Vsu.</span> <span class='ocrx_word' id='word_1_333' title='bbox 1279 4389 1300 4423; x_wconf 87' lang='lat' dir='ltr'>r.</span> <span class='ocrx_word' id='word_1_334' title='bbox 1314 4389 1336 4424; x_wconf 80' lang='lat' dir='ltr'>a.</span> <span class='ocrx_word' id='word_1_335' title='bbox 1401 4375 1412 4404; x_wconf 85' lang='lat'><strong>¹</strong></span> <span class='ocrx_word' id='word_1_336' title='bbox 1427 4375 1487 4424; x_wconf 84' lang='lat' dir='ltr'>Tac.</span> <span class='ocrx_word' id='word_1_337' title='bbox 1499 4391 1522 4438; x_wconf 83' lang='lat'>4.</span> <span class='ocrx_word' id='word_1_338' title='bbox 1536 4375 1602 4424; x_wconf 89' lang='lat' dir='ltr'>Hist.</span> <span class='ocrx_word' id='word_1_339' title='bbox 1618 4385 1655 4438; x_wconf 80' lang='lat'>73.</span> <span class='ocrx_word' id='word_1_340' title='bbox 1700 4377 1710 4406; x_wconf 83' lang='lat'>⁸</span> <span class='ocrx_word' id='word_1_341' title='bbox 1725 4375 1807 4426; x_wconf 86' lang='lat' dir='ltr'>Strab.</span> 
     </span>
     <span class='ocr_line' id='line_1_32' title="bbox 526 4456 1757 4523; baseline -0.001 -16"><span class='ocrx_word' id='word_1_342' title='bbox 526 4459 536 4488; x_wconf 82' lang='lat'>¹</span> <span class='ocrx_word' id='word_1_343' title='bbox 550 4459 614 4508; x_wconf 79' lang='lat' dir='ltr'>lien.</span> <span class='ocrx_word' id='word_1_344' title='bbox 629 4471 650 4508; x_wconf 92' lang='lat'>1.</span> <span class='ocrx_word' id='word_1_345' title='bbox 662 4460 709 4523; x_wconf 89' lang='lat' dir='ltr'>Cy.</span> <span class='ocrx_word' id='word_1_346' title='bbox 830 4458 840 4488; x_wconf 78' lang='lat'>⁵</span> <span class='ocrx_word' id='word_1_347' title='bbox 856 4458 959 4508; x_wconf 78' lang='lat' dir='ltr'>Eec1.2.</span> <span class='ocrx_word' id='word_1_348' title='bbox 1084 4456 1095 4486; x_wconf 81' lang='lat'>⁸</span> <span class='ocrx_word' id='word_1_349' title='bbox 1111 4458 1181 4522; x_wconf 89' lang='lat' dir='ltr'>Virg.</span> <span class='ocrx_word' id='word_1_350' title='bbox 1195 4467 1216 4521; x_wconf 82' lang='lat'>7.</span> <span class='ocrx_word' id='word_1_351' title='bbox 1229 4457 1312 4507; x_wconf 80' lang='lat' dir='ltr'>Aenl</span> <span class='ocrx_word' id='word_1_352' title='bbox 1335 4472 1389 4520; x_wconf 83' lang='lat'>²29·</span> <span class='ocrx_word' id='word_1_353' title='bbox 1509 4457 1518 4484; x_wconf 75' lang='lat'>²</span> <span class='ocrx_word' id='word_1_354' title='bbox 1536 4458 1606 4520; x_wconf 90' lang='lat' dir='ltr'>Virg.</span> <span class='ocrx_word' id='word_1_355' title='bbox 1623 4471 1660 4505; x_wconf 87' lang='lat'>11.</span> <span class='ocrx_word' id='word_1_356' title='bbox 1671 4459 1688 4506; x_wconf 92' lang='lat' dir='ltr'>l.</span> <span class='ocrx_word' id='word_1_357' title='bbox 1702 4472 1757 4519; x_wconf 80' lang='lat'>320.</span> 
     </span>
     <span class='ocr_line' id='line_1_33' title="bbox 585 4537 1696 4602; baseline -0.002 -12"><span class='ocrx_word' id='word_1_358' title='bbox 585 4541 670 4590; x_wconf 75' lang='lat' dir='ltr'>&#39;Tac</span> <span class='ocrx_word' id='word_1_359' title='bbox 685 4539 782 4602; x_wconf 79' lang='lat' dir='ltr'>13.An.</span> <span class='ocrx_word' id='word_1_360' title='bbox 796 4553 835 4602; x_wconf 87' lang='lat'>55.</span> <span class='ocrx_word' id='word_1_361' title='bbox 902 4538 1191 4602; x_wconf 76' lang='lat' dir='ltr'>&#39;Gen.1.lsa.45.18.</span> <span class='ocrx_word' id='word_1_362' title='bbox 1258 4537 1276 4568; x_wconf 80' lang='lat'>¹⁰</span> <span class='ocrx_word' id='word_1_363' title='bbox 1293 4539 1309 4589; x_wconf 93' lang='lat' dir='ltr'>l.</span> <span class='ocrx_word' id='word_1_364' title='bbox 1323 4537 1538 4601; x_wconf 84' lang='lat' dir='ltr'>3.dead.re.do.</span> <span class='ocrx_word' id='word_1_365' title='bbox 1552 4539 1696 4600; x_wconf 77' lang='lat' dir='ltr'>(D.41.1).</span> 
     </span>
     <span class='ocr_line' id='line_1_34' title="bbox 480 4617 1804 4687; baseline -0.002 -17"><span class='ocrx_word' id='word_1_366' title='bbox 480 4617 496 4648; x_wconf 82' lang='lat'>¹¹</span> <span class='ocrx_word' id='word_1_367' title='bbox 513 4621 580 4671; x_wconf 77' lang='lat' dir='ltr'>Aret.</span> <span class='ocrx_word' id='word_1_368' title='bbox 593 4637 660 4673; x_wconf 89' lang='lat' dir='ltr'>cons.</span> <span class='ocrx_word' id='word_1_369' title='bbox 674 4635 711 4685; x_wconf 84' lang='lat'>15.</span> <span class='ocrx_word' id='word_1_370' title='bbox 724 4629 748 4672; x_wconf 86' lang='lat' dir='ltr'>et</span> <span class='ocrx_word' id='word_1_371' title='bbox 759 4622 777 4670; x_wconf 90' lang='lat'>1.</span> <span class='ocrx_word' id='word_1_372' title='bbox 791 4635 812 4673; x_wconf 91' lang='lat'>1.</span> <span class='ocrx_word' id='word_1_373' title='bbox 823 4622 854 4671; x_wconf 90' lang='lat' dir='ltr'>de</span> <span class='ocrx_word' id='word_1_374' title='bbox 866 4623 906 4671; x_wconf 85' lang='lat' dir='ltr'>ad.</span> <span class='ocrx_word' id='word_1_375' title='bbox 919 4637 960 4687; x_wconf 92' lang='lat' dir='ltr'>po.</span> <span class='ocrx_word' id='word_1_376' title='bbox 976 4621 1072 4684; x_wconf 72' lang='lat' dir='ltr'>&lt;D.41.</span> <span class='ocrx_word' id='word_1_377' title='bbox 1086 4625 1129 4683; x_wconf 85' lang='lat'>2);</span> <span class='ocrx_word' id='word_1_378' title='bbox 1146 4621 1202 4672; x_wconf 87' lang='lat' dir='ltr'>Alc.</span> <span class='ocrx_word' id='word_1_379' title='bbox 1216 4633 1238 4684; x_wconf 87' lang='lat'>5.</span> <span class='ocrx_word' id='word_1_380' title='bbox 1252 4637 1320 4671; x_wconf 89' lang='lat' dir='ltr'>cons.</span> <span class='ocrx_word' id='word_1_381' title='bbox 1334 4635 1373 4670; x_wconf 83' lang='lat'>20.</span> <span class='ocrx_word' id='word_1_382' title='bbox 1487 4619 1505 4650; x_wconf 87' lang='lat'>¹²</span> <span class='ocrx_word' id='word_1_383' title='bbox 1523 4619 1626 4668; x_wconf 85' lang='lat' dir='ltr'>llerodi.</span> <span class='ocrx_word' id='word_1_384' title='bbox 1639 4619 1682 4667; x_wconf 91' lang='lat' dir='ltr'>lib.</span> <span class='ocrx_word' id='word_1_385' title='bbox 1698 4633 1719 4667; x_wconf 84' lang='lat' dir='ltr'>a.</span> <span class='ocrx_word' id='word_1_386' title='bbox 1732 4633 1751 4668; x_wconf 94' lang='lat' dir='ltr'>c.</span> <span class='ocrx_word' id='word_1_387' title='bbox 1768 4632 1804 4679; x_wconf 83' lang='lat'>¹5·</span> 
     </span>
    </p>
   </div>
   <div class='ocr_carea' id='block_1_4' title="bbox 0 0 2313 5562">
    <p class='ocr_par' dir='ltr' id='par_1_4' title="bbox 0 0 2313 5562">
     <span class='ocr_line' id='line_1_35' title="bbox 0 0 2313 5562; baseline 0 0"><span class='ocrx_word' id='word_1_388' title='bbox 0 0 2313 5562; x_wconf 95' lang='lat' dir='ltr'> </span> 
     </span>
    </p>
   </div>
  </div>
 </body>
</html>
