4456 5566
486 687 529 773 36
971 692 1174 748 ALBERICI
1202 691 1403 745 GENTILIS

486 943 493 972 ‘
509 947 665 1023 potestas,
687 939 804 1002 auibus
823 948 856 1002 et
873 936 985 1001 bestiis
1008 937 1244 1015 consecrandis,
1263 945 1296 1000 et
1314 935 1423 1018 capite
1443 932 1641 997 damnandis
1663 931 1719 1013 qui
1738 930 1882 1012 aliquem

487 1049 698 1113 ‘huiusmodi
715 1049 826 1112 Deum
842 1045 1017 1126 occiderit,'
1032 1049 1079 1114 ait
1094 1047 1316 1112 Tertullianus
1325 1045 1347 1108 ¹.
1386 1044 1431 1109 Et
1445 1043 1510 1109 alio
1526 1043 1607 1120 loco,
1622 1043 1712 1125 quod
1729 1039 1885 1106 naturalis

486 1162 661 1244 potestatis
688 1171 739 1225 est
768 1160 889 1244 religio.
936 1160 1037 1242 Quod
1063 1169 1096 1223 et
1124 1159 1325 1240 Pomponius
1335 1157 1358 1222 ².
1404 1158 1450 1221 Et
1475 1155 1565 1238 quod
1592 1175 1632 1218 ea
1660 1153 1794 1218 alterius
1818 1173 1882 1216 non

486 1280 613 1349 noceat,
636 1281 694 1336 aut
716 1271 819 1355 prosit
838 1271 942 1335 alteri.
989 1271 1106 1334 ‘Fides
1129 1271 1307 1348 suadenda,
1323 1289 1389 1333 non
1408 1263 1642 1352 imponenda:’
1666 1262 1884 1329 Bernardus³.

487 1384 533 1447 Et
564 1383 720 1460 Hilarius,
752 1403 838 1446 nouo
868 1381 1025 1466 exemplo
1053 1381 1204 1446 homines
1230 1384 1273 1446 ad
1300 1381 1399 1446 iidem
1427 1381 1500 1463 cogi
1509 1377 1532 1441 ⁴.
1578 1377 1735 1460 Largiens
1761 1375 1885 1439 interea

488 1494 685 1559 Constantio
709 1494 850 1572 Caesari,
868 1514 980 1558 ueram
998 1493 1098 1557 fuisse
1116 1492 1294 1557 Arrianam
1312 1493 1356 1557 ad
1379 1512 1478 1574 quarn
1500 1489 1713 1555 Constantius
1735 1487 1884 1569 cogebat,

486 1605 714 1689 ‘Religionem
731 1607 891 1690 imperare
907 1627 972 1669 non
989 1625 1182 1688 possumus:
1206 1605 1282 1687 quia
1298 1623 1396 1668 nemo
1412 1604 1540 1685 cogitur
1558 1611 1594 1666 ut
1609 1601 1722 1666 credat
1738 1600 1859 1663 inuitus
1866 1596 1883 1662 :'

486 1718 655 1800 respondit
689 1718 950 1800 sapientissimus
981 1737 1040 1780 rex
1070 1716 1327 1780 Theodericus⁵.
1388 1714 1434 1777 Et
1467 1715 1555 1778 idem
1588 1711 1782 1777 Theodatus
1814 1731 1883 1786 rex,

486 1828 670 1893 uoluntarie
689 1829 939 1892 sacrificandum
959 1827 1103 1906 domino,
1119 1849 1184 1891 non
1204 1829 1396 1910 cuiusquam
1416 1825 1563 1908 cogentis
1580 1823 1728 1907 imperio.
1773 1820 1828 1886 Sic
1851 1830 1885 1884 et

486 1939 688 2018 Lactantius,
704 1940 778 2022 cogi
793 1939 985 2022 religionem
1005 1960 1070 2002 non
1085 1959 1201 2022 posse:
1225 1948 1259 2003 et
1277 1939 1394 2015 uerbis,
1409 1958 1476 2001 non
1495 1936 1684 2000 uerberibus
1707 1933 1883 1999 constitui:

486 2049 751 2133 necquidquam
775 2071 846 2114 esse
871 2058 940 2114 tarn
967 2049 1189 2113 uoluntarium
1216 2071 1316 2133 quam
1343 2048 1534 2132 religionem
1544 2047 1566 2112 ⁰.
1612 2048 1657 2111 Et
1682 2044 1885 2109 Christianos

486 2181 554 2225 non
584 2181 656 2224 esse
684 2158 864 2244 Aegyptiis
894 2159 1028 2242 peiores.
1057 2160 1120 2225 ,Et
1145 2159 1313 2242 Iosephus,
1339 2181 1398 2224 suo
1427 2180 1592 2242 quemque
1621 2157 1788 2235 arbitratu,
1820 2176 1885 2219 non

486 2270 594 2335 alieno
610 2271 761 2355 impulsu,
777 2271 888 2336 Deum
904 2272 1009 2336 colere
1024 2281 1176 2354 oportere
1186 2273 1208 2336 ⁷.
1252 2272 1316 2335 ‘Et
1331 2271 1408 2335 suis’
1425 2267 1607 2356 (Arnobius
1623 2265 1742 2354 inquit)
1759 2267 1885 2349 ‘religio

488 2387 669 2447 ‘contenta
687 2391 736 2447 est
755 2379 896 2448 uiribus'
937 2383 1051 2466 Atque
1070 2384 1227 2447 aduersus
1245 2385 1322 2461 uim,
1340 2393 1373 2447 et
1391 2404 1492 2461 arma,
1507 2381 1690 2465 ‘Quoniam
1709 2379 1884 2463 plurimum

485 2497 494 2528 ‘
510 2493 637 2576 gladiis,
653 2504 686 2559 et
702 2501 868 2577 potestate
882 2493 957 2557 ferri
975 2493 1102 2573 ualetis,
1117 2494 1241 2558 anteire
1256 2467 1316 2558 uos
1335 2494 1434 2558 etiam
1450 2493 1598 2557 ueritatis
1615 2491 1751 2556 scientia
1766 2490 1885 2554 iudica-

486 2600 603 2669 ‘tis⁸?'
648 2606 792 2688 Magnus
816 2605 1026 2687 Hospitalius
1047 2605 1138 2688 graui
1160 2605 1205 2668 sic
1224 2614 1343 2688 satyra,
1362 2606 1487 2670 ‘Dictis
1505 2625 1702 2688 pugnamus,
1722 2612 1755 2666 et
1777 2601 1885 2700 armis,

487 2716 604 2798 ‘queis
622 2716 665 2781 de
679 2715 835 2799 religione
850 2717 962 2780 animo
981 2717 1146 2780 sententia
1163 2717 1249 2780 sedit
1267 2717 1379 2781 uerior.
1425 2716 1548 2780 interea
1566 2715 1696 2780 tabulas
1714 2723 1747 2779 et
1765 2714 1887 2778 tradita

488 2826 624 2909 ‘Moysi
654 2825 858 2911 spernimus,’
884 2829 958 2892 etc.⁹
991 2825 1111 2911 Audis
1134 2837 1301 2893 auctores:
1333 2828 1430 2892 audis
1453 2829 1605 2892 rationes.
1650 2826 1749 2910 Quod
1772 2836 1886 2889 contra

472 2945 638 3002 'naturam
657 2947 708 3002 est
723 2939 777 3016 rei,
792 2939 825 3003 id
843 2959 909 3003 non
925 2939 994 3002 fieri
1010 2959 1070 3022 pro
1086 2959 1120 3003 re
1135 2939 1373 3018 constituenda,
1388 2941 1446 3003 sed
1466 2960 1537 3004 esse
1556 2939 1661 3020 magis
1680 2958 1739 3019 pro
1758 2939 1885 3001 destnr·

487 3049 582 3113 enda.
627 3048 727 3132 Quod
743 3050 827 3114 effici
843 3050 957 3131 nequit
975 3071 1034 3132 per
1049 3049 1125 3128 uim,
1141 3050 1173 3113 id
1190 3071 1249 3133 per
1263 3051 1330 3113 uim
1346 3051 1491 3133 aggredi,
1507 3050 1674 3113 furiosum.
1720 3049 1820 3133 Quod
1836 3058 1886 3113 est

486 3158 659 3240 facultatis,
686 3159 720 3225 id
743 3181 809 3224 non
832 3160 917 3226 trahi
940 3164 982 3226 ad
1006 3161 1245 3226 necessitatem.
1291 3161 1390 3244 Quod
1417 3184 1476 3225 suo
1498 3171 1564 3227 stat
1582 3161 1736 3244 pondere,
1760 3161 1793 3225 id
1816 3181 1886 3225 sus·

487 3279 616 3336 tentare
633 3273 805 3337 adscititiis
828 3273 1027 3351 iuramentis,
1042 3273 1200 3355 ineptum.
1245 3272 1344 3355 Quod
1364 3273 1509 3355 regulam
1527 3271 1628 3336 habet
1646 3292 1748 3350 suam,
1768 3271 1802 3336 id
1821 3291 1886 3335 non

487 3385 697 3449 tractandum
728 3383 844 3448 aliena.
890 3384 1026 3448 Nouum
1057 3384 1222 3466 iniquum:
1264 3385 1354 3466 quod
1384 3384 1473 3447 enim
1502 3392 1648 3447 uetustas
1678 3382 1884 3465 adprobauit,

487 3504 613 3560 certum
637 3504 687 3560 est
705 3496 773 3560 fere
790 3516 858 3559 non
881 3496 988 3559 minus
1011 3517 1110 3578 quarn
1130 3496 1188 3559 lex
1206 3495 1324 3578 aliqua,
1344 3504 1381 3559 ut
1403 3495 1513 3559 scribit
1536 3494 1686 3578 egregius
1704 3494 1886 3572 Duarenus,

487 3605 521 3669 in
552 3607 840 3690 Disputationibus
869 3609 1107 3672 anniuersariis.
1153 3608 1199 3671 Et
1225 3606 1288 3670 hae
1318 3616 1395 3670 sunt
1422 3607 1531 3670 dictae
1557 3606 1708 3669 rationes.
1755 3605 1886 3689 Religio

487 3725 599 3780 autem
622 3717 665 3781 ab
688 3719 799 3783 animo
822 3728 882 3796 est,
900 3728 934 3782 et
956 3719 1149 3798 uoluntate;
1173 3740 1258 3803 quae
1280 3739 1411 3801 semper
1432 3716 1535 3781 habet
1556 3717 1743 3781 libertatem
1766 3738 1887 3797 secum,

487 3833 525 3889 ut
542 3835 593 3891 est
611 3828 776 3909 praeclare
796 3838 829 3893 et
847 3851 868 3892 a
886 3828 1093 3912 Philosophis
1111 3839 1145 3894 et
1163 3829 1205 3892 ab
1224 3829 1305 3908 aliis,
1324 3838 1357 3893 et
1379 3851 1399 3893 a
1424 3829 1592 3892 Bernardo
1615 3828 1829 3911 explanatum
1853 3830 1886 3893 in

487 3934 572 3998 libro
603 3934 656 3998 De
685 3937 787 4001 libero
817 3939 962 4002 arbitrio.
1007 3939 1216 4023 Animusque
1249 3950 1369 4019 noster,
1399 3949 1433 4005 et
1465 3941 1618 4024 quicquid
1652 3950 1703 4004 est
1734 3941 1835 4005 animi
1868 3963 1888 4005 a

488 4045 657 4128 principio,
690 4056 748 4111 aut
778 4049 924 4132 principe
954 4071 1020 4113 non
1051 4059 1202 4113 mouetur
1231 4060 1377 4115 externo,
1441 4052 1485 4114 Et
1515 4073 1622 4134 neque
1654 4051 1808 4116 dominus
1837 4061 1888 4117 est

554 4312 563 4344 ¹
579 4313 648 4363 Tert.
660 4313 736 4378 Apol.
751 4329 788 4378 24,
800 4321 825 4366 et
836 4313 869 4362 ad
880 4314 970 4378 Scapu.
1060 4313 1070 4344 ⁹
1085 4314 1102 4365 l.
1118 4330 1138 4366 2.
1150 4315 1180 4364 de
1191 4316 1247 4366 iust.
1261 4317 1306 4378 (D.
1320 4330 1341 4367 r.
1356 4319 1389 4379 1).
1484 4318 1493 4347 ¹
1511 4319 1582 4369 Bem.
1594 4325 1659 4368 caut.
1671 4334 1717 4368 ser.
1729 4316 1769 4367 66.
1783 4332 1821 4368 12.

521 4394 531 4426 ¹
547 4395 618 4447 Erus.
629 4396 705 4462 praes.
719 4396 773 4446 Hil.
914 4397 924 4426 ⁵
940 4397 1053 4448 Cassiod.
1068 4412 1089 4448 2.
1102 4399 1161 4448 Var.
1175 4411 1212 4460 27,
1225 4405 1250 4448 et
1261 4399 1304 4449 lib.
1319 4413 1406 4464 10,ep.
1421 4398 1458 4449 26.
1598 4401 1608 4429 ⁶
1624 4400 1802 4462 Laet5.1nst.
1817 4415 1854 4466 19.

617 4476 628 4507 ¹
646 4479 695 4530 Ios.
707 4478 738 4528 de
750 4480 789 4528 Vi.
801 4478 843 4530 Su.
991 4479 1001 4509 ⁸
1018 4480 1097 4532 Amo.
1109 4481 1175 4532 Adu.
1188 4481 1235 4532 Ge.
1248 4495 1270 4544 3.
1282 4496 1306 4548 4.
1449 4483 1459 4512 ⁰
1478 4483 1558 4549 Hosp.
1571 4483 1613 4534 lib.
1626 4498 1642 4545 4
1653 4497 1692 4548 ep.
1705 4482 1757 4534 Sat.
