4604 5562
508 691 551 752 94
994 679 1195 734 ALBERICI
1223 679 1423 735 GENTILIS

509 927 621 999 mouit,
645 925 721 1007 quia
744 923 845 986 filiam
869 923 953 1004 regis
973 943 1086 986 eorum
1105 923 1230 1005 nequiit
1253 924 1428 1006 impetrare
1451 943 1590 986 uxorem
1600 920 1621 982 ¹.
1668 923 1740 987 Nec
1763 924 1850 986 enim
1867 924 1904 987 fit

509 1039 625 1102 iniuria
651 1037 704 1115 illi,
728 1036 778 1099 cui
804 1034 928 1116 aliquid
956 1054 1021 1097 non
1046 1035 1151 1112 datur,
1174 1035 1232 1098 sed
1258 1035 1309 1098 cui
1333 1053 1428 1098 suum
1455 1044 1512 1098 aut
1538 1034 1687 1098 debitum
1712 1035 1903 1116 denegatur.

509 1151 600 1214 Belle
622 1149 762 1229 scriptor
782 1147 937 1210 historiae
960 1146 1052 1209 Darii
1074 1144 1178 1224 huius,
1197 1145 1305 1209 ‘malo
1328 1147 1460 1230 publico
1479 1147 1720 1220 uerecundiam,
1740 1155 1774 1210 et
1796 1146 1904 1211 libidi-

509 1269 610 1326 ‘nem
633 1280 726 1324 suam
750 1259 875 1321 studuit
891 1255 1077 1322 uindicare.'
1123 1257 1278 1322 Ceterum
1299 1259 1342 1321 ad
1365 1257 1550 1321 mercedem
1571 1259 1661 1339 quod
1682 1259 1811 1336 attinet,
1828 1257 1904 1322 Bal·

508 1377 571 1440 dus
601 1373 721 1450 scribit,
744 1371 851 1434 inserri
881 1369 1005 1433 bellum
1032 1391 1128 1452 posse
1156 1371 1201 1434 ob
1224 1371 1374 1434 debitum
1407 1371 1630 1452 pecuniarium
1658 1391 1724 1434 non
1750 1370 1903 1435 solutum.

508 1488 631 1552 scilicet
654 1485 743 1568 quod
768 1482 906 1547 ciuiliter
930 1482 998 1545 fieri
1023 1483 1146 1565 nequit,
1170 1482 1203 1545 id
1224 1481 1312 1547 facto
1335 1482 1433 1546 liceat
1453 1481 1591 1547 sacere².
1634 1482 1679 1545 Et
1702 1482 1744 1558 ui,
1769 1491 1802 1546 et
1825 1482 1903 1547 dolo

508 1600 555 1664 uti
574 1597 737 1682 possimus
755 1595 801 1658 sic
819 1593 861 1657 ad
885 1603 1032 1657 nostrum
1049 1595 1326 1676 consequendum.
1372 1595 1418 1658 Et
1434 1594 1568 1676 quidem
1584 1594 1628 1657 ob
1643 1603 1754 1676 raptas
1769 1615 1820 1658 res
1835 1615 1901 1659 non

506 1711 595 1774 bella
619 1707 780 1772 Romanis
803 1705 951 1788 plurima,
973 1715 1006 1768 et
1028 1703 1156 1788 prima?
1200 1704 1267 1770 Sed
1295 1715 1407 1770 tamen
1434 1704 1614 1788 capiendus
1640 1716 1690 1769 est
1713 1705 1838 1769 Baldus
1860 1707 1903 1770 de

507 1851 541 1894 re
557 1848 616 1892 nec
633 1827 705 1891 leui.
736 1826 782 1888 Et
797 1844 857 1888 nec
873 1823 953 1887 leuis
969 1823 1029 1887 erit
1044 1824 1167 1902 iniuria,
1178 1844 1263 1906 quae
1278 1824 1366 1888 sacta
1381 1844 1540 1908 personae
1551 1825 1593 1888 sit
1605 1825 1744 1906 digniori
1755 1825 1779 1890 ³.
1802 1826 1903 1890 etiarn

507 1950 541 2006 et
560 1940 691 2006 delendi
712 1946 821 2020 potest
845 1935 1014 2014 Hercules,
1029 1937 1122 2017 quasi
1143 1935 1231 1999 ultor
1249 1936 1407 2018 perfidiae
1425 1945 1526 2019 atque
1546 1937 1685 2018 periurii,
1700 1958 1766 2000 non
1789 1939 1903 2002 damni

507 2054 566 2130 sui,
582 2062 614 2116 et
630 2051 686 2115 illa
701 2059 750 2114 est
766 2067 863 2112 causa
879 2046 1068 2122 honestatis,
1085 2049 1127 2111 de
1142 2067 1208 2130 qua
1223 2068 1331 2111 sermo
1347 2047 1482 2113 ultimus
1497 2046 1593 2111 huius
1608 2047 1679 2112 libri
1697 2057 1758 2112 est.

1088 2415 1176 2487 Cnl‘.
1207 2414 1323 2490 XXI.

924 2615 984 2686 De
1007 2615 1211 2713 malefactis
1228 2617 1485 2714 priuatorum.

551 2826 687 2901 ATQUE
710 2819 897 2903 supradicta
923 2827 1008 2896 sunt,
1031 2819 1058 2882 si
1084 2818 1244 2902 princeps,
1270 2828 1328 2884 aut
1357 2817 1498 2902 populus
1525 2820 1683 2900 peccauit.
1724 2821 1791 2885 imo
1816 2831 1849 2886 et
1874 2820 1902 2884 si

509 2938 658 3023 peccauit
678 2935 848 3017 priuatus3
872 2940 972 3012 atque
992 2917 1088 2992 huius
1108 2931 1284 2994 emendare
1304 2939 1476 3013 peccatum
1499 2929 1647 3013 neglexit
1669 2931 1828 3015 princeps,
1845 2945 1903 3000 aut

507 3050 658 3134 populus.
704 3045 829 3110 Uerum
849 3039 889 3106 de
907 3041 957 3104 his
976 3041 1188 3122 priuatorum,
1205 3052 1238 3105 et
1254 3043 1449 3124 populorum
1466 3041 1560 3106 lactis
1576 3045 1806 3124 cognoscenda
1822 3066 1903 3109 non-

507 3163 596 3227 nulla
619 3168 695 3223 sunt
716 3157 834 3221 adhuc.
879 3155 925 3218 Et
947 3152 1028 3216 illud
1052 3153 1202 3235 primurn,
1217 3155 1306 3235 quod
1329 3154 1449 3236 priuati
1473 3173 1591 3218 nocere
1609 3154 1814 3219 uniuersitati
1837 3177 1903 3220 non

506 3273 634 3356 possint
656 3271 750 3332 iuste.
780 3267 902 3330 etenim
926 3285 985 3328 nec
1003 3273 1165 3346 quaerunt
1185 3265 1388 3329 uniuersitati
1400 3264 1423 3330 ⁴.
1469 3266 1547 3328 Non
1570 3265 1752 3348 imputatur
1773 3267 1902 3332 uniuer-

505 3384 595 3448 sitati
617 3382 775 3446 delictum
797 3376 999 3459 singulorum
1009 3375 1031 3439 ⁵.
1077 3376 1123 3440 Et
1146 3385 1226 3440 nota
1247 3376 1331 3441 haec
1353 3389 1428 3440 sunt
1451 3377 1612 3455 omnibus,
1635 3377 1765 3441 dicente
1788 3378 1902 3456 Baldo,

506 3496 578 3560 aliis
587 3495 607 3559 ⁶.
663 3492 798 3558 Scilicet
826 3489 916 3554 aliud
947 3487 1075 3570 singuli,
1097 3487 1188 3551 aliud
1218 3489 1369 3553 uniuersi.
1406 3497 1440 3552 et
1467 3488 1579 3570 itaque
1605 3489 1726 3572 singuli
1755 3510 1799 3554 ex
1826 3510 1903 3555 con·

505 3616 612 3672 tractu
633 3625 694 3669 nec
711 3603 900 3685 obligantur
914 3599 1168 3664 uniuersitatis⁷.
1214 3600 1260 3662 Et
1283 3600 1394 3682 itaque
1418 3600 1532 3663 Liuius
1554 3600 1674 3679 scribit,
1690 3600 1781 3665 nullo
1803 3601 1903 3667 fuisse

506 3719 650 3786 Sabinos
679 3715 803 3780 auxilio
833 3713 965 3797 publico
987 3734 1007 3776 a
1028 3711 1226 3776 Ueientibus
1255 3712 1405 3776 adiutosr
1436 3721 1471 3777 at
1497 3712 1638 3776 ualuisse
1663 3723 1795 3795 pactam
1826 3734 1902 3778 cum

507 3830 652 3894 Romulo
675 3828 776 3891 fidem
798 3826 1000 3890 induciarum
1023 3825 1112 3907 apud
1136 3845 1211 3888 eos:
1235 3825 1389 3906 quicquid
1414 3823 1589 3888 uoluntarii
1608 3825 1753 3907 quidam,
1771 3835 1805 3888 et
1826 3825 1903 3907 uagi

506 3964 550 4006 ex
568 3941 665 4023 plebe
685 3941 807 4020 inopes
831 3937 981 4000 mercede
1000 3937 1091 4000 ducti
1112 3956 1186 3999 cum
1209 3936 1342 4001 Sabinis
1362 3934 1513 4002 suerint⁸.
1558 3936 1604 3999 Et
1627 3937 1673 4001 sic
1693 3937 1831 4001 Latinos
1853 3957 1903 4001 re-

504 4052 685 4135 spondisse,
702 4049 780 4113 alibi
795 4058 914 4111 narrat.
960 4048 1012 4112 De
1035 4046 1161 4129 plebeis
1181 4067 1383 4129 responsum.
1414 4068 1491 4112 nam
1511 4050 1543 4111 in
1564 4047 1654 4111 bello
1674 4068 1750 4112 cum
1770 4048 1903 4114 Uolscis

504 4173 608 4247 gest0,
624 4182 698 4226 cum
721 4181 798 4244 pars
821 4159 968 4222 maxima
986 4158 1193 4241 captiuorum
1215 4179 1259 4222 ex
1277 4159 1406 4222 Latinis
1428 4170 1531 4241 atque
1551 4159 1703 4223 Hernicis
1718 4159 1834 4224 luisset
1853 4161 1902 4225 in·

520 4415 595 4466 ¹101.
606 4414 637 4464 de
648 4413 692 4464 Or.
705 4411 855 4469 Ge.;0ros.
866 4410 910 4460 lib.
927 4425 948 4459 2.
960 4426 981 4460 c.
994 4409 1016 4460 Β.
1050 4407 1130 4458 ’Bal
1141 4407 1159 4456 l.
1172 4421 1195 4471 5.
1206 4407 1238 4456 de
1249 4406 1304 4457 inst.
1318 4406 1362 4471 (D.
1375 4407 1441 4466 ιι).
1473 4408 1516 4456 ⁸1.
1531 4418 1585 4473 7.9.
1597 4409 1628 4458 de
1638 4408 1710 4458 intur.
1723 4408 1769 4472 (D.
1781 4422 1819 4472 37.
1831 4412 1882 4473 ro).

536 4497 546 4526 ⁴
563 4497 625 4547 Dec.
636 4511 704 4546 cons.
718 4509 772 4544 221.
784 4492 840 4556 667.
945 4492 955 4522 ³
972 4491 1041 4556 Fely.
1053 4507 1074 4542 e.
1086 4490 1109 4541 6.
1121 4491 1151 4540 de
1163 4491 1250 4542 Const.
1356 4487 1366 4517 ⁸
1382 4488 1435 4538 Bal.
1450 4502 1471 4539 1.
1483 4505 1551 4540 cons.
1563 4505 1628 4556 4395
1645 4491 1701 4542 Alc.
1714 4505 1737 4554 5.
1749 4507 1816 4542 cons.
1831 4505 1870 4554 ²³·

731 4576 742 4607 ¹
759 4575 811 4626 Bal.
827 4589 850 4638 3.
862 4590 930 4626 cons.
941 4587 987 4638 47:
1005 4574 1059 4625 Ale.
1073 4587 1096 4636 3.
1107 4589 1175 4624 cons.
1189 4582 1211 4635 7.
1412 4571 1422 4602 ⁸
1438 4571 1494 4622 Liu.
1506 4572 1550 4622 lib.
1565 4585 1585 4622 1.
1598 4588 1619 4622 c.
1632 4586 1672 4635 30.
