4456 5566
989 715 1192 772 ALBERICI
1220 713 1421 768 GENTILIS

1086 1103 1175 1177 Cup,
1205 1101 1321 1176 VIII.

859 1303 919 1379 De
941 1306 1077 1378 caussis
1102 1303 1243 1378 diuinis
1268 1303 1354 1378 belli
1366 1281 1544 1400 faciundi.

549 1507 719 1574 DIUINAE
737 1525 872 1573 caussae
890 1516 967 1572 sunt
985 1507 1064 1572 belli
1082 1507 1233 1587 faciendi,
1250 1528 1333 1590 quas
1350 1509 1394 1572 ad
1413 1507 1533 1586 Deum,
1552 1516 1712 1588 tanquam
1733 1503 1902 1570 iubentem

504 1619 628 1685 bellum
655 1619 774 1684 referre
789 1639 972 1702 possumus.
1019 1619 1068 1684 Ut
1090 1640 1191 1703 quum
1217 1620 1330 1684 Iudaei
1353 1618 1532 1684 retulerunt
1555 1619 1597 1684 ad
1618 1618 1729 1681 Deum
1752 1636 1901 1682 caussam

503 1731 581 1796 belli
605 1754 627 1796 a
652 1752 687 1796 se
713 1732 795 1796 moti
823 1731 855 1795 in
883 1732 1087 1796 Cananaeos.
1145 1731 1274 1794 Bellum
1301 1731 1401 1794 etiam
1428 1730 1580 1793 ἄσπονδον
1606 1728 1783 1793 denunciat
1810 1728 1902 1792 Deus

505 1841 737 1920 Hamalekitis,
765 1852 798 1905 et
824 1841 949 1925 populo
973 1862 1033 1905 suo
1058 1841 1245 1906 inimicitias
1270 1843 1428 1906 aduersus
1454 1840 1528 1905 illos
1553 1850 1705 1904 aeternas
1729 1840 1869 1921 imperat
1880 1837 1901 1903 ¹.

503 1954 605 2018 ‘Hoc
627 1973 731 2035 genus
748 1952 826 2016 belli
848 1953 919 2016 siue
941 1952 1149 2016 dubitatione
1171 1953 1295 2016 iustum
1317 1960 1377 2031 est,
1395 1952 1483 2035 quod
1508 1952 1601 2015 Deus
1623 1952 1784 2033 imperat:
1811 1949 1901 2033 apud

505 2072 626 2148 ‘quem
645 2073 781 2129 nonest
799 2064 972 2146 iniquitas:
996 2072 1030 2127 et
1048 2063 1104 2146 qui
1126 2064 1219 2127 nouit
1234 2063 1314 2147 quid
1333 2065 1450 2145 cuique
1470 2062 1540 2126 fieri
1559 2061 1688 2140 debeat,
1706 2061 1739 2124 in
1758 2081 1824 2142 quo
1842 2081 1901 2124 ex·

504 2175 647 2240 ‘ercitus
674 2183 836 2239 nontam
862 2183 978 2238 auctor
1003 2173 1081 2237 belli
1107 2194 1209 2255 quam
1236 2174 1383 2238 minister
1408 2173 1604 2237 iudicandus
1631 2169 1725 2236 est².’
1779 2171 1830 2236 Ut
1855 2171 1903 2236 ita

502 2284 713 2368 Augustinus
734 2286 854 2351 scribit
901 2285 947 2348 Et
971 2285 1003 2348 in
1025 2285 1091 2350 alio
1114 2285 1292 2368 proposito,
1317 2284 1488 2349 ‘Mandati
1511 2281 1608 2347 huius
1631 2303 1696 2347 non
1719 2290 1830 2365 potest
1852 2283 1901 2346 in-

504 2397 650 2461 ‘iustum
668 2417 739 2461 esse
756 2398 923 2461 iudicium.
968 2397 1162 2460 mandatum
1182 2396 1270 2460 enim
1289 2396 1353 2459 Dei
1373 2405 1432 2473 est,
1447 2396 1489 2458 de
1506 2415 1573 2477 quo
1592 2415 1658 2458 non
1677 2393 1899 2470 iudicandum,

502 2510 585 2572 ‘sed
604 2508 633 2571 ei
652 2508 950 2591 obtemperandum
967 2507 1038 2572 fuit.
1093 2507 1148 2571 ille
1168 2508 1258 2570 enirn
1276 2507 1377 2585 nouit,
1393 2526 1494 2588 quam
1513 2507 1598 2569 iuste
1621 2504 1803 2568 mandauit.
1857 2504 1899 2568 ad

503 2621 657 2683 ‘semum
684 2628 797 2683 autern
819 2618 971 2701 pertinet,
993 2617 1187 2682 obedienter
1211 2618 1318 2682 facere
1343 2617 1433 2700 quod
1460 2615 1632 2680 mandauit
1644 2613 1676 2681 ³.’
1719 2614 1835 2697 Atque
1856 2614 1899 2679 ab

502 2729 566 2794 ista
584 2731 780 2795 auctoritate
802 2731 848 2794 sle
867 2729 1033 2795 concludit
1054 2728 1196 2811 Iephtes,
1216 2729 1358 2793 ‘Nonne
1380 2729 1471 2792 cuius
1493 2726 1649 2792 heredem
1672 2726 1848 2792 instituerit
1866 2734 1900 2791 te

502 2839 731 2906 ‘Cemoschus
749 2843 841 2906 Deus
859 2851 944 2921 tuuS,
961 2840 1047 2918 illius
1065 2840 1161 2904 heres
1180 2837 1290 2904 esses?
1313 2839 1359 2904 sic
1377 2858 1607 2922 quemcunque
1626 2837 1755 2921 expulit
1775 2837 1900 2902 Iehoua

502 2951 618 3016 ‘Deus
637 2961 781 3018 nostera
797 2953 880 3018 Iacie
898 2962 1017 3030 nostra,
1033 2952 1119 3016 illius
1139 2951 1357 3015 hereditatem
1374 2950 1597 3014 obtinebimus
1606 2947 1638 3016 ⁴.'
1684 2950 1730 3013 Et
1747 2950 1794 3014 sic
1813 2948 1900 3013 Isaia

501 3071 539 3127 ut
560 3063 810 3129 Philistaeorum
833 3063 950 3148 legatis
973 3063 1053 3127 nihil
1077 3063 1273 3145 respondere
1295 3061 1417 3126 habeat
1441 3082 1500 3124 rex
1524 3061 1683 3126 Ezechias
1705 3062 1748 3126 de
1771 3060 1899 3126 Israeli·

500 3181 610 3238 tarum
632 3173 701 3240 iure
722 3176 755 3239 in
779 3175 974 3254 Palaestina,
994 3175 1051 3240 sed
1074 3171 1138 3239 hoc
1160 3183 1300 3252 tantum,
1320 3173 1481 3237 Iehouam
1507 3173 1554 3237 sic
1576 3173 1672 3251 uelle,
1691 3181 1728 3236 ut
1752 3194 1790 3238 ea
1812 3182 1899 3238 terra

501 3293 588 3348 esset
603 3286 717 3369 populi
736 3288 785 3352 sui
795 3287 818 3351 ⁵.

545 3397 650 3480 Iunge
682 3407 795 3462 autem
828 3399 951 3463 sanctis
983 3396 1034 3462 his
1067 3406 1100 3460 et
1133 3393 1328 3477 Aethi0pes‚
1345 3395 1413 3478 ¹qui
1446 3391 1571 3458 bellum
1601 3395 1821 3480 quodcunque
1852 3395 1898 3460 sic

501 3508 665 3591 suscipere
696 3519 945 3587 consueuerunt,
976 3508 1053 3572 iussi
1083 3506 1215 3573 oraculo
1247 3506 1367 3571 Iouisl.
1413 3505 1459 3570 Et
1486 3506 1678 3589 Spartanos,
1701 3507 1756 3590 qui
1783 3508 1898 3572 itidem

500 3618 639 3683 oraculis
670 3621 795 3698 moniti,
821 3630 855 3684 et
884 3619 1023 3684 sortibus
1053 3628 1194 3701 pergunt
1223 3616 1359 3700 Argiuis
1384 3617 1509 3682 bellum
1539 3617 1679 3682 facere⁷.
1726 3618 1803 3682 Huc
1829 3618 1899 3683 Ae-

502 3750 609 3808 neam,
634 3731 809 3814 ipsumque
839 3731 1016 3813 Uirgilium
1046 3729 1144 3794 affer:
1179 3731 1235 3813 qui
1264 3729 1417 3793 Aeneam
1448 3729 1525 3794 lacit
1555 3730 1666 3793 uenire
1692 3729 1726 3791 in
1757 3729 1897 3804 Italiam,

502 3841 602 3903 etiam
625 3849 659 3904 et
681 3840 843 3906 Iactumm
861 3841 986 3905 bellum
1010 3861 1054 3904 ex
1072 3839 1156 3918 satis,
1173 3840 1320 3918 oraculis,
1335 3849 1396 3904 etc.
1441 3839 1570 3904 Turcae
1587 3861 1718 3922 quoque
1735 3849 1793 3904 aut
1813 3840 1898 3905 hanc

502 3968 632 4033 semper
649 3950 773 4014 habent
794 3951 956 4016 bellorum
974 3972 1132 4028 caussam,
1150 3951 1238 4033 quod
1260 3949 1461 4014 MaumcthIs
1479 3951 1585 4014 iussus
1603 3951 1630 4014 is
1646 3951 1697 4028 sit,
1716 3950 1805 4016 bello
1827 3971 1899 4034 per·

502 4060 594 4142 sequi
613 4070 765 4144 oportere
782 4061 933 4126 homines
951 4062 1099 4126 diuersae
1118 4059 1314 4144 religionis⁸.
1361 4062 1406 4126 Et
1429 4062 1474 4126 sic
1497 4062 1569 4144 ipsi,
1589 4061 1781 4144 Persaeque,
1803 4061 1897 4126 alteri

501 4169 612 4234 alteris
630 4170 794 4250 haeretici,
809 4182 1005 4255 perpetuum
1024 4172 1091 4237 lere
1109 4192 1169 4255 pro
1188 4173 1344 4256 religione
1361 4193 1474 4256 gerere
1491 4172 1615 4238 bellum
1635 4173 1796 4238 dicuntur.
1843 4172 1898 4237 Sic

614 4424 821 4490 ¹Exod.17.16.
920 4425 1111 4491 'Auglosq
1126 4440 1163 4476 10.
1261 4427 1353 4491 'Aug
1366 4427 1428 4477 Exo.
1440 4444 1463 4493 q.
1476 4425 1500 4478 6.
1598 4426 1677 4478 *Iud
1692 4441 1730 4476 11.
1745 4441 1783 4491 24

565 4507 642 4562 'lea
658 4524 695 4572 14.
710 4523 749 4572 3²·
831 4508 937 4561 ⁸Hero.
949 4509 994 4560 lib.
1008 4523 1030 4559 a.
1042 4523 1064 4560 c.
1079 4523 1117 4574 29.
1208 4507 1351 4574 'Xenoph
1363 4525 1388 4575 4.
1400 4509 1488 4562 Graec
1502 4521 1523 4572 7.
1609 4509 1684 4561 'Na
1697 4507 1832 4574 Co.6.14.
