4604 5562
759 732 820 784 DE
850 731 952 785 IURE
980 731 1115 802 BELLI,
1143 729 1271 801 LIB.I,
1303 729 1391 786 CAP.
1412 729 1516 786 XXII.
1774 740 1834 805 103

441 972 544 1036 munis
558 971 671 1055 opinio
687 982 754 1036 est:
774 972 901 1055 ipsique
918 973 1058 1055 probata
1073 970 1208 1035 Alciato
1217 969 1238 1035 ¹.
1270 971 1316 1034 Et
1331 979 1500 1053 praeterea
1516 991 1601 1054 quae
1616 970 1742 1034 sancita
1757 979 1835 1035 sunt

441 1085 472 1147 in
487 1084 554 1148 iure
570 1083 656 1147 ciuili
676 1084 824 1163 subditis,
840 1106 880 1148 ea
896 1085 980 1150 trahi
996 1086 1039 1149 ad
1054 1085 1217 1167 principes
1233 1082 1328 1147 facile
1350 1104 1415 1146 non
1434 1092 1573 1166 oportet.
1604 1083 1727 1147 subditi
1746 1085 1835 1148 enim

441 1195 601 1259 difficilius
615 1195 739 1260 bonam
756 1196 855 1259 fidem
872 1205 906 1260 et
922 1197 1044 1260 iustum
1061 1196 1193 1260 titulum
1209 1195 1416 1260 obtinebunt.

483 1307 677 1371 Uidendum
700 1315 733 1371 et
756 1327 831 1371 curn
855 1308 1056 1391 principibus
1079 1318 1128 1372 est
1151 1309 1193 1372 de
1215 1306 1322 1384 titulo,
1338 1315 1375 1369 ut
1393 1306 1605 1388 praescriptio
1627 1306 1732 1388 possit
1755 1327 1835 1372 esse.

442 1419 527 1483 Ecce
543 1419 631 1481 enim
648 1418 833 1495 Sabandos
847 1421 902 1502 qui
916 1419 1054 1482 Niceam
1068 1419 1196 1502 pignori
1212 1417 1328 1482 habuit
1343 1439 1362 1480 a
1378 1438 1454 1499 rege
1471 1416 1577 1496 Gallu,
1589 1418 1707 1482 iniuste
1720 1417 1834 1481 urbem

440 1530 573 1594 domino
596 1550 661 1593 non
684 1531 845 1594 restituit:
873 1539 906 1594 et
930 1530 1056 1593 nullum
1079 1529 1168 1594 aliud
1192 1549 1292 1612 quam
1316 1529 1518 1592 inueteratae
1543 1529 1758 1616 possessionis
1785 1529 1835 1592 ius

441 1642 504 1706 illic
520 1641 581 1705 sibi
601 1662 672 1705 esse
687 1640 840 1704 fatetur².
886 1643 1004 1724 Neque
1023 1642 1111 1705 enim
1130 1641 1245 1705 titulus
1268 1641 1413 1723 pignoris
1435 1650 1533 1722 aptus
1554 1641 1801 1724 praescriptioni
1811 1640 1834 1705 ³.

441 1753 553 1835 Atque
565 1763 680 1816 contra
692 1754 799 1835 ipsum
812 1773 924 1835 regem
938 1752 1128 1828 Galliarum,
1141 1754 1197 1836 qui
1214 1753 1444 1836 Perpinianum
1460 1752 1605 1834 pignoris
1619 1760 1750 1816 tantum
1766 1752 1835 1815 iure

440 1865 572 1929 tenebat
593 1863 635 1927 ab
660 1863 820 1946 Hispana
839 1865 885 1927 sic
909 1864 943 1925 Ρ.
962 1863 1074 1927 Iouius
1095 1864 1307 1947 grauissimus
1329 1884 1368 1928 ac
1391 1862 1667 1927 luculentissimus
1685 1862 1837 1926 historio-

440 1974 591 2058 graphus,
606 1972 739 2060 (quibus
755 1994 830 2038 eum
848 1975 953 2038 titulis
970 1976 1087 2039 merito
1103 1985 1197 2039 ornat
1213 1976 1467 2052 iurisconsultus,
1480 1976 1601 2058 pariter
1615 1975 1835 2056 grauissimus,

441 2097 473 2150 et
491 2086 775 2162 luculentissimus,
792 2086 956 2168 Tyberius
974 2087 1147 2162 Decianus
1163 2089 1195 2149 in
1212 2084 1410 2169 responsis⁴:
1434 2086 1489 2150 alii
1504 2087 1659 2169 quicquid
1675 2082 1834 2172 garriant)

442 2200 486 2262 sic
504 2198 617 2263 scribit
637 2198 757 2276 Ionius
772 2203 906 2281 ‘parum
925 2199 1050 2263 sincera
1069 2197 1135 2262 fide
1153 2199 1273 2261 ueteris
1287 2199 1376 2280 pacti
1392 2199 1616 2262 conditionem
1633 2197 1744 2261 multis
1760 2198 1836 2260 iuris

442 2309 725 2374 ‘cauillationibus
743 2307 976 2374 inuoluebat⁵.’
1022 2310 1199 2374 Latissime
1214 2311 1314 2373 etiam
1333 2309 1495 2373 consuluit
1512 2311 1653 2373 Ioannes
1670 2308 1851 2391 Cephalus

442 2421 474 2484 in
492 2443 568 2486 casu
592 2423 675 2486 isto:
706 2442 809 2504 quum
831 2443 892 2504 pro
911 2423 1049 2504 pecunia
1073 2431 1186 2484 mutua
1207 2423 1304 2486 datus
1327 2421 1455 2503 pignori
1478 2421 1654 2485 comitatus
1677 2431 1773 2484 esset.
1803 2429 1836 2484 et

443 2531 546 2615 magis
567 2551 779 2595 communem
797 2533 986 2615 opinionem
1004 2532 1092 2606 dicit,
1109 2540 1142 2596 et
1160 2532 1320 2596 ueriorem
1339 2533 1445 2611 docet,
1463 2532 1496 2594 in
1515 2533 1707 2615 quaestione
1725 2542 1837 2596 tamen

443 2637 514 2727 (ait)
530 2642 628 2707 ualde
643 2643 825 2716 dubitabili,
845 2664 911 2707 non
928 2664 1000 2707 esse
1018 2643 1339 2726 praescriptioneml.
1386 2642 1578 2707 Uidendum
1597 2653 1710 2708 autern
1729 2643 1838 2707 dehis

442 2774 525 2835 quae
545 2754 588 2817 ad
615 2755 905 2837 praescriptionem
932 2755 1146 2837 requiruntur,
1168 2755 1238 2818 siue
1264 2755 1390 2818 ratione
1412 2755 1508 2834 tituli,
1530 2756 1600 2820 siue
1622 2755 1698 2818 fidei
1721 2756 1837 2828 bonae,

443 2885 500 2946 per
518 2864 694 2930 latissimas
710 2876 895 2930 nostrorum
912 2867 1126 2949 interpretum
1146 2867 1394 2948 disputationes
1410 2877 1443 2930 et
1463 2867 1614 2950 copiosos
1636 2867 1692 2950 qui
1713 2866 1775 2931 hoc
1795 2868 1838 2930 de

445 2986 638 3058 argumento
664 2986 736 3041 toto
761 2987 879 3042 extant
903 2986 1072 3042 tractatus.
1128 2978 1181 3041 De
1202 2978 1291 3041 bona
1313 2976 1376 3042 fide
1400 2978 1518 3060 aliquis
1540 2979 1721 3043 etiamnum
1744 2979 1839 3042 theo·

443 3085 536 3169 logus
552 3088 670 3152 docere
688 3097 795 3152 tentat
816 3089 975 3171 possideri
994 3088 1137 3153 aTurca
1157 3089 1242 3152 bene
1264 3090 1375 3152 omnia
1396 3098 1508 3172 erepta
1531 3091 1643 3154 nobis:
1667 3110 1745 3153 nam
1769 3088 1838 3154 Do·

445 3199 549 3262 minus
567 3199 658 3263 Deus
674 3199 754 3263 uelit
772 3220 831 3264 nos
846 3209 981 3283 propter
995 3211 1130 3282 peccata
1146 3210 1257 3294 nostra
1273 3201 1395 3266 eiectos
1410 3202 1452 3265 de
1467 3210 1553 3264 terra
1568 3211 1680 3266 nostra
1689 3201 1711 3265 ⁷.
1742 3202 1839 3284 Quae

444 3310 578 3374 ridicula
601 3318 687 3374 sunt.
732 3311 816 3393 Quis
834 3312 920 3374 enim
940 3331 1005 3374 non
1025 3312 1091 3375 iam
1106 3311 1203 3375 suerit
1224 3313 1385 3394 perhanc
1408 3313 1567 3376 rationem
1591 3314 1623 3374 in
1646 3310 1839 3376 bonafide?

444 3418 516 3485 Aut
531 3420 659 3484 Turcae
677 3423 788 3504 opinio
813 3422 1037 3486 latrocinantis
1059 3424 1183 3504 cogitat
1206 3424 1248 3486 de
1267 3424 1352 3486 iusta
1372 3422 1428 3485 illa
1443 3423 1615 3486 uoluntate
1636 3421 1722 3485 Dei?
1766 3422 1839 3486 Aut

445 3531 520 3595 boni
539 3543 616 3597 sunt
633 3533 771 3598 affectus
788 3544 821 3597 et
840 3534 975 3598 effectus
996 3534 1262 3616 prauissimorum
1280 3533 1461 3608 hominum,
1477 3535 1554 3616 quia
1571 3536 1614 3597 ad
1631 3534 1838 3597 uoluntatem

446 3663 536 3708 suarn
554 3643 646 3709 Deus
665 3647 767 3709 utitur
781 3646 932 3728 pessimis
947 3645 1011 3709 illis
1026 3645 1134 3708 bene?
1180 3645 1273 3708 ‘Etsi
1290 3647 1409 3709 iustam
1425 3645 1564 3709 dicimus
1581 3645 1712 3709 Diaboli
1729 3655 1840 3728 potes-

446 3757 454 3784 ‘
470 3764 582 3834 tatem,
594 3766 782 3820 nontamen
797 3767 830 3820 et
842 3758 1055 3821 uoluntatem.
1087 3756 1164 3820 Non
1178 3754 1346 3832 Diabolus,
1360 3757 1415 3838 qui
1431 3757 1551 3819 inuasit
1566 3755 1733 3820 hominem
1746 3781 1754 3834 ;
1774 3775 1839 3819 non

446 3868 567 3932 ‘homo
582 3871 637 3951 qui
654 3869 686 3932 id
703 3870 840 3949 meruit3
865 3871 922 3933 sed
942 3871 1045 3933 iustus
1065 3869 1228 3933 Dominus
1246 3869 1301 3951 qui
1321 3869 1353 3932 id
1372 3867 1485 3932 uoluit.
1531 3869 1609 3932 Non
1628 3878 1840 3950 apotestate‚

447 3981 525 4043 ‘sed
541 4001 561 4043 a
576 3981 746 4045 uoluntate
761 3982 874 4054 iustus,
891 3981 1071 4044 iniustusue
1085 3981 1159 4064 quis
1174 3978 1313 4058 dicitur,'
1329 3991 1399 4059 etc„
1416 3981 1503 4063 apud
1521 3979 1747 4044 Bemhardum
1757 3979 1779 4046 ⁸.

489 4090 537 4153 At
562 4092 752 4155 abeundum
779 4112 865 4156 nunc
890 4112 956 4155 non
983 4102 1032 4156 est
1059 4113 1078 4155 a
1105 4093 1174 4156 iure
1199 4091 1380 4157 hominum.
1426 4090 1479 4156 De
1506 4101 1655 4174 tempore
1684 4093 1731 4156 sic
1762 4089 1840 4154 mihi

447 4201 581 4280 uidetur,
603 4212 640 4266 ut
664 4224 749 4285 quae
773 4213 886 4268 contra
912 4225 963 4268 res
992 4204 1278 4269 fauorabilissimas
1305 4205 1394 4268 ualet
1418 4215 1551 4269 centurn
1578 4224 1747 4283 annorum,
1770 4205 1840 4266 siue

573 4461 582 4491 ¹
599 4462 670 4512 Alex.
686 4475 706 4512 1.
719 4477 786 4512 cons.
799 4462 845 4526 84:
863 4462 921 4512 Alc.
933 4462 949 4512 d
972 4478 1009 4526 24.
1021 4470 1045 4513 et
1057 4465 1089 4513 ad
1101 4463 1118 4512 1.
1132 4477 1169 4527 25.
1182 4466 1212 4515 C.
1224 4464 1254 4514 de
1265 4470 1330 4529 pact.
1344 4466 1379 4526 (a.
1390 4465 1424 4526 3).
1523 4462 1533 4492 ²
1550 4463 1604 4512 lou.
1616 4462 1659 4512 lib.
1672 4477 1711 4526 34.

456 4579 461 4586 .
521 4543 531 4592 i
546 4542 564 4593 l.
575 4560 599 4609 9.
611 4544 640 4594 C.
652 4544 683 4594 de
695 4545 746 4610 pig.
758 4551 805 4593 act.
817 4546 852 4607 (4.
867 4551 923 4608 24);
941 4546 1003 4596 Dec.
1019 4560 1041 4608 3.
1053 4561 1120 4596 cons.
1136 4547 1189 4594 108.
1267 4546 1275 4573 ⁶
1292 4546 1352 4596 Dec.
1366 4561 1387 4608 5.
1400 4559 1467 4594 cons.
1482 4557 1520 4610 19.
1594 4542 1605 4573 ⁸
1621 4545 1675 4593 lou.
1686 4545 1730 4592 lib.
1745 4557 1766 4594 1.

606 4626 616 4656 ⁸
633 4626 712 4693 Ceph.
724 4643 791 4678 cons.
805 4642 860 4678 102.
976 4627 986 4657 ¹
1002 4629 1035 4679 D.
1048 4629 1078 4682 B.
1091 4643 1111 4690 5.
1124 4628 1210 4678 Contr.
1223 4639 1246 4687 3.
1258 4642 1279 4676 c.
1294 4626 1332 4676 1⁶.
1446 4627 1455 4654 ⁸
1472 4627 1543 4678 Bern.
1556 4625 1636 4690 Epist.
1648 4640 1688 4690 90.
