4604 5562
769 703 829 757 DE
857 703 961 757 IURE
989 703 1124 775 BELLI,
1154 704 1234 761 LIB.
1257 706 1299 776 II,
1331 706 1419 764 CAP.
1441 708 1484 762 II.
1765 721 1819 786 131

428 947 553 1011 ‘ribus’
599 949 637 1010 In
654 947 777 1012 caussis
795 958 907 1012 tamen
926 947 1137 1030 imperiorum
1153 949 1238 1014 sorte
1256 951 1338 1014 ratio
1355 951 1485 1016 diuersa
1504 963 1561 1032 est,
1578 963 1614 1016 ut
1633 954 1825 1037 reciperatio

428 1058 486 1122 ista
509 1059 607 1123 etiam
628 1059 823 1124 admittatur
839 1069 953 1124 contra
973 1079 1030 1123 eos
1052 1061 1108 1142 qui
1131 1061 1250 1124 reuersi
1272 1062 1314 1124 ad
1336 1083 1413 1126 suos
1436 1073 1520 1142 sunt,
1543 1065 1767 1144 incontinenti,
1790 1077 1826 1130 ut

428 1180 475 1234 est
497 1171 712 1253 interpretum
734 1172 906 1249 sententia,
924 1181 1000 1252 post
1022 1172 1119 1236 horas
1142 1181 1175 1236 et
1197 1181 1273 1254 post
1296 1173 1366 1236 dies
1389 1193 1463 1238 curn
1487 1175 1629 1255 primum
1652 1178 1713 1240 erit
1736 1198 1826 1241 com·

428 1282 561 1345 modurn
571 1281 592 1345 ¹.
638 1283 727 1345 Nam
746 1283 831 1347 utin
850 1283 973 1347 caussis
990 1285 1195 1374 priuatorum
1214 1304 1276 1366 ego
1294 1305 1361 1348 non
1377 1286 1515 1367 probem
1532 1287 1745 1370 interpretes3
1770 1289 1826 1354 illa

428 1395 508 1456 ratio
531 1403 590 1470 est,
605 1395 694 1476 quod
718 1394 867 1476 priuatus
889 1395 923 1456 in
946 1415 980 1458 re
1003 1405 1098 1478 rapta
1118 1395 1243 1459 nullum
1262 1396 1323 1460 sibi
1343 1397 1392 1459 ius
1411 1407 1505 1480 parat
1524 1398 1638 1475 maius,
1655 1400 1716 1463 etsi
1734 1410 1826 1465 tenet

428 1505 556 1569 diutius.
586 1515 621 1568 at
643 1507 677 1568 in
700 1505 839 1587 publicis
863 1505 1035 1569 roboratur
1056 1506 1112 1587 qui
1136 1507 1252 1589 rapuit,
1275 1508 1301 1570 si
1326 1526 1473 1572 reuersus
1496 1509 1538 1572 ad
1560 1530 1637 1573 suos
1657 1510 1827 1594 collegerit

427 1635 469 1689 se,
486 1625 519 1680 et
542 1615 786 1680 confirmauerit
808 1617 851 1680 ad
875 1617 1094 1681 resistendum
1116 1618 1212 1682 uires
1259 1618 1346 1682 Illud
1370 1620 1512 1702 primum
1535 1629 1667 1702 tempus
1690 1623 1826 1686 reuersi·

428 1726 499 1790 onis
519 1727 671 1810 deputari
693 1728 864 1792 absentiae
887 1729 987 1791 etiam
1007 1727 1086 1792 alibi
1108 1728 1193 1792 solet
1211 1739 1345 1812 propter
1365 1750 1416 1794 res
1433 1729 1541 1795 adhuc
1560 1731 1793 1814 incompositas
1803 1732 1825 1798 2.

427 1837 476 1902 At
498 1847 596 1903 teneo
618 1849 740 1916 tamen,
763 1858 829 1903 non
850 1838 946 1902 licere
969 1840 1049 1904 citra
1072 1841 1359 1905 denunciationem
1386 1861 1484 1923 agere
1510 1861 1585 1906 cum
1612 1844 1757 1908 reuersis.
1789 1853 1826 1908 ut

368 1973 370 1976 ·
428 1950 472 2014 sic
491 1949 646 2032 exempla
661 1951 805 2029 uincunt,
821 1960 854 2014 et
877 1950 1076 2014 conuincunt
1098 1953 1288 2034 supradicta
1307 1952 1349 2015 de
1372 1961 1462 2015 recto
1484 1952 1552 2016 iure
1574 1952 1825 2035 postulatorum.

428 2062 572 2125 maxime
595 2082 673 2125 uero
694 2062 773 2125 sacit
796 2063 886 2140 rati0,
906 2063 995 2144 quod
1018 2061 1071 2125 hic
1096 2082 1162 2125 non
1184 2083 1204 2125 a
1227 2062 1367 2144 public0,
1391 2063 1448 2126 sed
1472 2085 1493 2126 a
1515 2063 1651 2146 priuatis
1676 2067 1824 2147 rapinam

428 2172 493 2236 fieri
509 2174 683 2256 ponimus:
707 2183 807 2255 atque
823 2173 897 2237 ideo
913 2172 1037 2236 bellum
1053 2193 1123 2236 esse
1138 2182 1252 2236 contra
1267 2171 1436 2254 publicum
1452 2185 1596 2255 nequeat
1610 2183 1745 2239 statum.

470 2284 690 2348 Denunciatio
702 2304 744 2347 an
758 2286 946 2367 requiratur,
958 2283 985 2346 si
998 2283 1149 2366 princeps
1164 2283 1288 2348 bellum
1306 2294 1439 2347 moueat
1454 2285 1661 2350 beneficiario
1676 2307 1744 2366 suo,
1756 2286 1826 2352 siue

427 2395 617 2474 feudatari0,
632 2396 694 2459 fuit
711 2397 859 2479 quaestio
879 2395 964 2458 inter
979 2393 1159 2458 Galliarum
1178 2415 1289 2476 regem
1308 2405 1342 2460 et
1360 2416 1471 2478 regem
1487 2395 1632 2478 Angliae
1647 2397 1826 2479 aliquando

427 2527 535 2571 coram
560 2508 756 2590 imperatore
766 2507 788 2571 ³.
845 2507 890 2570 Et
913 2516 1000 2570 recte
1023 2506 1102 2569 mihi
1125 2507 1316 2570 distinxisse
1339 2505 1455 2570 Gallus
1477 2506 1627 2572 uidetur:
1651 2517 1688 2570 ut
1710 2509 1737 2571 si
1759 2527 1827 2591 qua

316 2633 318 2636 ·
428 2629 511 2682 esset
534 2630 647 2683 contra
670 2619 915 2683 beneficiarium
938 2617 1115 2693 accusati0‚
1136 2638 1195 2700 per
1216 2639 1316 2699 quam
1339 2619 1382 2680 ad
1406 2617 1562 2682 iudicium
1586 2618 1711 2682 domini
1734 2618 1825 2684 leudi

428 2731 571 2795 eundum
590 2731 641 2809 sit,
659 2731 813 2795 dominus
833 2729 860 2793 is
878 2731 948 2792 iura
965 2728 1047 2792 haec
1065 2731 1214 2810 gentium
1233 2750 1362 2794 seruare
1380 2750 1456 2793 cum
1474 2729 1658 2793 feudatario
1679 2750 1739 2793 suo
1758 2750 1824 2795 non

427 2841 555 2907 habeat.
586 2841 701 2924 Atque
717 2851 767 2905 est
782 2841 866 2904 ratio
883 2839 1076 2917 manifesta3
1099 2841 1155 2921 qui
1172 2842 1259 2903 enim
1276 2842 1345 2904 iure
1360 2839 1462 2904 iudex
1478 2850 1528 2904 est
1544 2849 1577 2904 et
1592 2840 1747 2922 superior,
1759 2861 1824 2906 non

427 2954 493 3016 iure
512 2953 640 3036 cogitur
657 2954 699 3016 ad
719 2952 907 3016 subeundas
927 2959 1037 3033 partes
1055 2952 1157 3033 partis
1178 2962 1211 3014 et
1229 2950 1386 3034 aequalis.
1434 2950 1529 3014 Haec
1547 2970 1613 3014 non
1633 2959 1684 3014 est
1701 2953 1826 3018 iustitia

427 3083 490 3127 non
521 3065 663 3128 tribuere
696 3064 814 3145 cuique
846 3082 951 3125 suum.
1007 3061 1137 3125 Iustitia
1167 3063 1270 3125 uirtus
1301 3071 1351 3124 est
1380 3061 1470 3144 quod
1501 3081 1596 3124 suum
1627 3072 1677 3126 est
1707 3064 1825 3146 cuique

426 3176 592 3253 tribuens;
628 3176 793 3258 superiori,
817 3174 953 3256 aequali,
976 3172 1127 3250 inferiori,
1151 3175 1267 3255 cuique
1290 3173 1379 3255 quod
1403 3173 1551 3236 debetur.
1589 3181 1625 3236 ut
1651 3174 1698 3236 ita
1723 3175 1822 3238 etiam

427 3285 610 3351 Bernardus
620 3285 642 3350 ⁴.
688 3287 733 3349 Et
756 3285 844 3368 quod
869 3285 979 3362 nostri,
1000 3305 1066 3347 non
1091 3285 1119 3347 is
1141 3293 1251 3366 potest
1273 3283 1368 3347 alteri
1389 3304 1425 3347 se
1448 3283 1614 3361 subiicere,
1636 3284 1691 3366 qui
1714 3295 1824 3367 potest

427 3417 482 3479 per
503 3398 717 3480 semetipsum
741 3397 843 3460 iudex
865 3415 936 3459 esse
960 3397 992 3458 in
1016 3415 1113 3458 causa
1136 3415 1214 3458 sua:
1238 3395 1315 3477 quia
1338 3413 1404 3458 non
1423 3393 1530 3457 solum
1553 3413 1632 3458 suae
1653 3414 1822 3476 personae,

422 3510 595 3573 sedetiam
612 3507 825 3572 iurisdictioni
842 3507 963 3571 iaceret
979 3506 1214 3588 praeiudicium
1227 3505 1249 3568 ⁵.

467 3620 521 3684 Sic
541 3641 648 3703 neque
666 3640 741 3683 cum
761 3618 937 3683 rebellibus
961 3616 1179 3680 seruabuntur
1200 3615 1281 3678 haec
1305 3615 1383 3678 iura.
1429 3614 1475 3677 Et
1498 3613 1635 3678 rebelles
1657 3634 1746 3697 cape,
1765 3615 1821 3696 qui

426 3742 514 3796 erant
533 3732 593 3794 sub
614 3731 747 3794 ditione.
777 3750 854 3793 nam
872 3729 929 3811 qui
947 3728 989 3791 ab
1007 3728 1159 3804 amicitia,
1176 3726 1315 3801 loedere,
1331 3725 1416 3788 comi
1436 3727 1536 3788 etiam
1555 3725 1714 3808 obsequio
1733 3725 1791 3790 def
1808 3759 1823 3772 -

426 3853 545 3922 cerunt,
556 3841 607 3906 his
622 3843 883 3906 denuntiandum
896 3839 1021 3904 bellum
1037 3847 1096 3903 est.
1129 3838 1199 3901 lllis
1214 3839 1301 3900 enim
1317 3857 1384 3900 non
1401 3845 1451 3900 est
1466 3837 1516 3899 ius
1531 3832 1688 3918 gentium,
1700 3836 1751 3901 his
1763 3848 1821 3902 est.

428 3953 648 4032 Fidenatibus,
676 3953 855 4035 Campanis
882 3972 947 4015 non
974 3951 1174 4015 denunciant
1205 3949 1358 4026 Romani,
1381 3947 1600 4012 delectoribus
1621 3970 1641 4012 a
1664 3949 1822 4014 ditionel.

429 4065 566 4144 Uolscis,
581 4066 718 4142 Latinis,
736 4064 903 4145 Hispanis,
920 4063 1045 4138 Poenis,
1062 4062 1141 4139 aliis,
1154 4061 1363 4138 denunciant,
1375 4060 1474 4123 etiam
1491 4059 1709 4142 stipendiariis
1722 4071 1756 4124 et
1768 4062 1823 4124 tri·

428 4178 569 4241 butariis.
613 4176 731 4239 Alium
747 4195 869 4249 casum,
885 4195 951 4257 quo
969 4173 1094 4237 bellum
1114 4195 1179 4237 non
1198 4172 1360 4250 indicitur,
1377 4170 1501 4235 Baldus
1519 4180 1621 4250 notat,
1636 4193 1737 4254 quum
1754 4181 1825 4236 erat

428 4287 560 4367 bellum,
572 4297 606 4352 et
617 4288 660 4351 ab
673 4307 712 4350 eo
724 4287 903 4351 discessum
915 4295 1013 4368 pacto
1026 4295 1075 4348 est
1088 4285 1120 4347 in
1133 4285 1301 4348 biennium
1318 4303 1396 4346 nam
1412 4283 1544 4347 biennio
1557 4282 1669 4365 elapso
1681 4284 1823 4346 indicere

492 4517 500 4546 ¹
517 4517 577 4568 Dec.
590 4533 657 4568 cons.
669 4517 732 4582 4⁶⁰3
750 4516 828 4582 Ceph.
842 4527 897 4580 710.
1036 4512 1046 4540 ²
1062 4513 1079 4562 l.
1092 4527 1115 4575 4.
1126 4513 1220 4561 desae.
1233 4511 1278 4574 (D.
1291 4523 1329 4573 50.
1344 4512 1379 4575 5).
1510 4511 1519 4540 ⁸
1536 4511 1564 4562 Ρ,
1576 4510 1665 4560 Aemil.
1677 4510 1721 4562 lib.
1733 4525 1757 4576 9.

542 4601 551 4630 ⁴
569 4602 622 4650 Ber.
635 4601 666 4649 de
679 4599 727 4650 An.
740 4615 785 4648 ser.
797 4615 821 4660 3.
919 4597 929 4626 ⁵
946 4598 1026 4647 Castr.
1038 4595 1056 4643 l.
1072 4609 1107 4643 12.
1121 4594 1151 4642 dc
1163 4593 1245 4642 iurisd.
1259 4593 1304 4656 (D.
1320 4607 1340 4642 2.
1355 4597 1389 4646 1).
1487 4592 1498 4621 ⁶
1515 4592 1617 4656 Dionys.
1630 4593 1666 4641 lib
1687 4607 1710 4655 5.

435 4719 1819 4748 -ss-——uffl-—O—

1098 4799 1150 4848 S2
