4604 5562
789 709 850 762 DE
879 708 983 763 runa
1012 708 1146 778 nezer,
1177 708 1254 761 Lm.
1279 707 1320 776 ll,
1353 707 1441 762 cna
1464 706 1490 760 l.
1781 709 1841 776 125

442 954 548 1018 iacere
579 951 703 1036 aliquid
734 953 829 1032 clam,
859 953 937 1036 quia
967 954 1013 1015 sic
1043 951 1189 1015 aufertur
1218 951 1307 1033 quod
1337 958 1388 1012 est
1425 949 1503 1013 iuris
1535 947 1700 1026 naturalis,
1730 949 1844 1032 utique

442 1067 624 1129 necessaria
646 1064 743 1128 suerit
769 1065 978 1129 denunciatio
987 1062 1008 1127 ¹.
1041 1063 1196 1145 quoniam
1223 1061 1309 1125 clam
1335 1060 1380 1138 fit,
1399 1062 1489 1142 quod
1516 1081 1583 1124 non
1607 1062 1843 1126 denunciatur:

443 1179 532 1260 quod
556 1197 623 1240 non
645 1178 688 1240 ad
712 1176 865 1241 notitiam
889 1176 1078 1258 perducitur
1100 1175 1169 1238 eius
1193 1173 1285 1237 cuius
1308 1171 1475 1236 interest2.
1522 1171 1597 1254 Ego
1621 1173 1721 1236 etiam
1743 1172 1847 1237 indic·

441 1297 512 1353 tum
542 1309 562 1351 a
594 1287 754 1351 Romanis
788 1286 862 1370 lego
892 1287 1024 1365 bellurn,
1056 1296 1089 1350 et
1119 1306 1222 1368 quum
1253 1283 1387 1348 minime
1417 1302 1500 1365 opus
1530 1283 1710 1347 indictione
1741 1284 1844 1348 uideri

443 1399 629 1482 potuisset:
667 1419 769 1481 quum
803 1398 929 1462 laesum
961 1397 1154 1481 grauissime
1187 1397 1237 1460 ius
1266 1396 1413 1477 gentium
1449 1404 1534 1458 esset
1567 1396 1609 1459 ab
1644 1394 1696 1458 his
1725 1395 1845 1477 quibus

444 1510 587 1575 Romani
620 1509 744 1573 bellum
778 1519 952 1592 propterea
983 1507 1197 1573 inserebant³.
1252 1508 1449 1571 indixerunt
1480 1505 1604 1570 bellum
1638 1504 1845 1585 Senonibus3

443 1625 497 1706 qui
524 1622 653 1706 legatos
679 1622 907 1685 Romanorum
933 1619 1184 1685 interfecerunt:
1217 1619 1297 1684 itern
1325 1617 1455 1700 illyriis,
1478 1618 1558 1681 item
1584 1626 1618 1681 et
1645 1617 1844 1690 Tarentinis,

444 1735 499 1818 qui
526 1732 736 1798 contumeliis
762 1732 943 1814 insignibus
967 1732 1083 1796 itidem
1110 1731 1248 1795 affecere
1274 1729 1411 1811 legatos.
1456 1728 1556 1811 Quod
1584 1728 1633 1792 ius
1659 1728 1844 1810 legatorum

445 1866 541 1929 supra
563 1844 689 1927 reliqua
711 1853 761 1908 est
784 1844 1037 1908 sanctissimum.
1092 1843 1138 1906 Et
1161 1842 1247 1906 mitti
1270 1841 1461 1924 legationes
1482 1841 1733 1905 denunciatores
1754 1839 1844 1914 belli,

445 1960 499 2041 qui
521 1957 632 2021 ualent
653 1956 696 2020 ad
721 1955 896 2020 uiolatores
922 1954 1115 2037 legatorum,
1135 1961 1446 2035 contemptoresque
1469 1953 1546 2016 iuris
1569 1971 1685 2016 eorum
1707 1952 1844 2015 sanctis-

446 2068 540 2134 simi?
586 2067 675 2133 Sane
699 2065 753 2132 hic
781 2067 860 2130 mihi
885 2065 1006 2148 legatio
1033 2066 1097 2128 ista
1120 2065 1302 2128 necessaria
1329 2085 1395 2129 non
1420 2073 1479 2129 est.
1535 2064 1580 2128 Et
1605 2064 1736 2128 interim
1760 2062 1845 2139 dico,

445 2181 534 2263 quod
550 2181 576 2244 si
593 2179 697 2263 possit
712 2187 785 2243 tuto
800 2178 869 2242 fieri
888 2179 951 2241 ista
967 2175 1184 2254 denunciatio,
1200 2197 1239 2240 ea
1258 2197 1323 2239 non
1342 2176 1463 2239 debeat
1481 2175 1710 2258 praetermitti.
1755 2173 1846 2256 Quid

447 2293 532 2356 enim
550 2291 615 2356 hoc
630 2291 770 2355 uioletur
787 2289 846 2369 ius,
862 2290 888 2353 si
907 2309 966 2372 per
983 2289 1196 2352 indictionem
1219 2287 1253 2350 id
1271 2288 1380 2369 agitur
1398 2287 1553 2361 maxime,
1570 2296 1607 2350 ut
1626 2286 1733 2350 omnis
1752 2305 1847 2367 prae·

447 2403 573 2467 cidatur
598 2402 777 2477 excusatio,
799 2411 833 2465 et
860 2399 1006 2464 defensio
1033 2399 1180 2481 legitima
1205 2397 1281 2463 huic
1302 2399 1352 2462 cui
1374 2398 1498 2461 bellum
1525 2395 1699 2462 indicitur?
1755 2396 1845 2459 Nam

447 2523 480 2578 et
501 2515 678 2597 praecedat
700 2514 815 2578 ordine
838 2511 1060 2590 indictionem,
1080 2531 1213 2574 necesse
1236 2520 1294 2588 est,
1312 2510 1504 2587 admonitio,
1524 2509 1593 2573 siue
1616 2508 1752 2592 petitio:
1780 2528 1846 2591 qua

447 2625 599 2690 uidelicet
625 2645 691 2690 non
718 2625 901 2706 dispuncta,
924 2621 1049 2686 bellurn
1073 2630 1159 2686 esset
1182 2631 1216 2686 et
1242 2621 1439 2686 indiceretur
1448 2617 1472 2683 ⁴.

490 2736 704 2800 Inuitandum
720 2735 810 2818 prius
822 2745 872 2799 est
883 2736 927 2799 ad
939 2755 1065 2818 pacem,
1078 2743 1114 2797 ut
1130 2734 1315 2797 communis
1331 2733 1428 2796 docet
1445 2731 1508 2795 Dei
1525 2730 1581 2795 lex
1591 2729 1613 2795 ὅ.
1649 2731 1695 2795 Et
1709 2730 1772 2796 hoc
1786 2740 1845 2809 est,

449 2847 535 2930 quod
548 2847 691 2912 Romani
704 2864 754 2910 res
770 2855 918 2929 repetere
932 2845 1084 2908 solebant
1096 2845 1194 2927 prius,
1206 2865 1288 2927 quas
1303 2843 1365 2907 sibi
1381 2852 1492 2926 raptas
1508 2843 1676 2907 dicebant:
1695 2852 1754 2907 aut
1764 2841 1846 2906 alias

448 2959 578 3023 iniurias
594 2958 772 3033 emendari,
788 2957 908 3040 quibus
923 2978 958 3020 se
968 2956 1105 3020 affectos
1120 2955 1367 3020 existimabant.
1389 2964 1426 3018 ut
1439 2955 1538 3018 modo
1554 2955 1597 3018 de
1615 2952 1773 3018 Cicerone
1787 2975 1846 3017 au-

449 3071 607 3134 diuimus:
631 3070 735 3134 etalii
756 3070 978 3133 adnotarunt:
1001 3077 1036 3132 et
1054 3067 1210 3150 exempla
1230 3067 1353 3149 passim
1368 3074 1454 3130 sunt.
1500 3065 1582 3128 ‘Per
1597 3065 1845 3147 clarigationem

448 3183 618 3264 ‘repetitis
637 3203 689 3246 res
704 3177 834 3265 raptas,’
849 3181 897 3244 ait
916 3179 1077 3243 Romanis
1092 3178 1263 3242 Arnobius
1273 3180 1295 3243 ⁶.
1329 3183 1339 3214 ‘
1353 3173 1551 3259 Ciarigatio'
1566 3186 1644 3254 erat,
1663 3195 1738 3240 curn
1755 3197 1847 3260 repe·

447 3293 526 3358 titae
544 3315 595 3358 res
613 3293 721 3359 clarae
739 3301 857 3370 essent,
873 3291 962 3356 clara
977 3311 1096 3355 causae
1113 3289 1192 3354 belli
1211 3288 1355 3367 testatio,
1371 3297 1408 3352 ut
1423 3287 1593 3370 explicant
1611 3288 1712 3351 etiam
1734 3307 1845 3369 grarn-

449 3405 580 3484 matici;
609 3405 665 3489 qui
693 3413 727 3470 et
755 3403 819 3468 hoc
846 3404 990 3476 tradunt,
1015 3422 1122 3465 rerum
1149 3411 1316 3483 raptarum
1342 3399 1566 3483 appellatione
1592 3397 1748 3463 contineri
1778 3417 1845 3461 non

449 3518 547 3581 modo
570 3517 704 3599 rapinae
730 3517 861 3594 crimen,
885 3517 943 3579 sed
970 3523 1003 3578 et
1028 3533 1128 3577 omne
1154 3513 1323 3587 damnum,
1346 3519 1380 3576 et
1404 3531 1538 3575 omnem
1564 3510 1714 3573 iniuriam
1723 3507 1745 3574 ⁷.
1799 3509 1846 3573 Et
1899 3523 1902 3528 ·

448 3627 509 3692 hoc
535 3629 624 3692 idem
647 3629 690 3692 de
715 3628 816 3692 uerbo
843 3647 950 3690 rerum
977 3625 1229 3702 reddendarum,
1253 3623 1513 3706 recipiendamm
1539 3619 1708 3685 docetur⁸.
1754 3620 1845 3703 Quid

449 3749 557 3802 autem
584 3747 643 3819 est,
670 3747 707 3802 ut
731 3738 901 3802 renuncies
927 3737 1100 3815 amicitiae,
1127 3735 1305 3799 denuncies
1334 3733 1540 3798 inimicitiam
1567 3741 1600 3797 et
1626 3730 1759 3809 bellum,
1785 3751 1845 3795 nec

449 3857 555 3914 tentes
571 3851 620 3914 ius
636 3849 771 3932 aequius
787 3846 952 3932 primurn?
991 3848 1174 3911 ‘Extrema
1190 3866 1288 3910 nemo
1303 3845 1410 3928 primo
1426 3844 1568 3909 tentauit
1582 3841 1698 3908 loc0⁹.’
1736 3842 1847 3924 Atqui

448 3959 523 4024 belli
546 3961 596 4024 ius
618 3960 823 4025 necessitatis
846 3969 904 4024 est.
938 3960 1051 4041 itaque
1073 3957 1220 4022 omnium
1243 3966 1446 4040 postremum
1470 3965 1529 4020 est.
1576 3955 1652 4020 Hoc
1675 3964 1734 4034 est,
1755 3954 1846 4038 quod

449 4070 591 4137 Romani
617 4072 776 4152 solebant,
800 4080 836 4136 ut
860 4070 949 4135 bella
974 4072 1068 4134 tarde
1096 4080 1130 4133 et
1156 4068 1247 4133 nulla
1272 4069 1404 4133 licentia
1431 4067 1642 4150 susciperent,
1664 4066 1754 4149 quod
1778 4066 1849 4129 lau·

449 4184 549 4249 dabat
581 4185 696 4250 Uarro.
750 4182 881 4266 ‘Saepe
909 4181 1038 4266 legatos
1068 4191 1146 4246 ante
1176 4181 1301 4256 missos,
1332 4200 1383 4244 res
1412 4180 1581 4263 repetitas.
1620 4179 1846 4243 renunciatum

1017 4333 1026 4363 ¹
1043 4333 1097 4384 Bal.
1109 4349 1132 4396 3.
1144 4350 1211 4384 cons.
1225 4347 1279 4384 102.

551 4417 631 4468 ²Bat.
644 4417 660 4466 l.
672 4432 695 4482 9.
707 4415 790 4468 deors.
802 4431 887 4483 proco.
901 4415 946 4480 (1).
961 4430 981 4465 r.
996 4416 1086 4479 1,6);
1104 4415 1190 4466 Cuiac.
1202 4415 1312 4480 quodni.
1327 4414 1371 4479 (D.
1384 4429 1424 4477 43.
1439 4413 1497 4477 24);
1516 4413 1571 4463 Alc.
1584 4414 1606 4464 8.
1619 4428 1686 4463 cons.
1699 4411 1739 4476 69.

511 4499 805 4567 ’Liu.Epit.12etao.
879 4498 1038 4550 *GLcult
1050 4497 1080 4548 de
1093 4499 1125 4548 ui.
1137 4505 1163 4548 et
1175 4497 1216 4548 ho.
1228 4497 1260 4547 cl.
1334 4496 1437 4546 *Deut
1451 4511 1496 4553 σος
1513 4492 1745 4560 Ioseph.4‚Antiq.
1758 4490 1781 4539 8.

609 4581 860 4634 ‘ArnaaduGe
977 4576 1611 4644 'PitanenSeru.9.nen.1.53,10.nen.1.
1626 4590 1663 4638 14.

592 4659 602 4692 ¹
620 4663 686 4714 Fest.
698 4664 860 4730 reciperatio;
877 4663 940 4714 Bris.
949 4678 973 4727 4.
986 4661 1017 4712 de
1029 4662 1086 4712 For.
1098 4678 1120 4710 c.
1135 4674 1172 4710 11.
1392 4659 1403 4690 ⁰
1419 4659 1476 4708 Sen.
1489 4661 1555 4721 Aga.
1570 4671 1591 4707 2.
1602 4655 1619 4706 l.
1634 4670 1688 4719 153.
