4604 5562
434 1412 778 1509 ALBERICI
825 1413 1168 1509 GENTILIS
1211 1413 1309 1505 DE
1354 1411 1530 1506 IURE
1575 1407 1786 1501 BELLI

855 1653 1025 1727 LIBER
1059 1652 1373 1728 SECUNDUS.

1038 1884 1129 1958 Cup,
1160 1885 1188 1957 l.

919 2055 979 2127 De
1004 2055 1092 2128 ballo
1118 2053 1311 2129 indicendo.

460 2226 772 2311 QUEMADMODUM
799 2242 878 2288 uero
906 2223 1031 2288 bellum
1062 2223 1147 2287 iuste
1176 2223 1348 2306 suscipere,
1375 2225 1422 2287 ita
1452 2234 1486 2288 et
1516 2223 1602 2288 iuste
1631 2243 1752 2306 gerere,
1778 2245 1816 2289 ac

416 2347 557 2402 tractare
583 2345 724 2420 oportet.
770 2336 890 2419 Neque
915 2335 1003 2399 enim
1029 2335 1109 2398 satis
1135 2343 1194 2413 est,
1218 2335 1245 2398 si
1270 2335 1446 2416 suscipitur
1467 2335 1561 2413 iuste,
1585 2335 1646 2399 nisi
1673 2344 1706 2399 et
1733 2337 1818 2399 iuste

416 2458 556 2531 geratur,
575 2457 611 2512 ut
632 2448 713 2514 dicit
735 2445 954 2530 Augustinus.
1002 2445 1141 2510 ‘Hostis
1164 2446 1198 2509 in
1220 2445 1309 2510 bello
1328 2446 1520 2529 religionem
1540 2456 1574 2511 et
1591 2446 1662 2510 iura
1680 2442 1818 2526 retinet,’

417 2559 522 2642 inquit
541 2557 657 2624 Cicero
667 2556 687 2624 ¹.
717 2557 774 2641 qui
796 2559 842 2622 ita
862 2559 1045 2641 praedones
1064 2557 1236 2639 distinguit
1254 2558 1297 2620 ab
1315 2556 1474 2623 hostibus.
1520 2557 1609 2622 Nam
1628 2557 1718 2640 quod
1736 2555 1818 2620 Ter·

417 2670 572 2734 tullianus
590 2669 711 2747 scribit,
726 2668 842 2733 dolum
865 2678 899 2733 et
916 2669 1131 2752 asperitatem
1149 2677 1182 2733 et
1200 2669 1396 2734 iniustitiam
1415 2669 1548 2752 propria
1565 2689 1637 2733 esse
1654 2668 1817 2733 bellorum

417 2781 550 2864 negotia
558 2781 581 2858 ²,
597 2782 632 2844 id
651 2781 693 2845 de
709 2780 804 2844 bellis
822 2780 1060 2845 administratis
1076 2780 1187 2863 inique
1205 2790 1256 2844 est
1274 2780 1482 2862 capiendum,
1498 2781 1583 2845 sicut
1599 2790 1632 2844 et
1650 2779 1715 2843 alia
1734 2780 1819 2843 eius·

418 2895 507 2958 modi
531 2893 670 2957 aliorum
695 2891 903 2974 quorundam
933 2902 1084 2975 patrum:
1118 2902 1154 2957 ut
1181 2893 1213 2955 in
1238 2892 1405 2975 superiore
1428 2892 1512 2954 libro
1539 2891 1731 2974 expositum
1758 2899 1816 2956 est.
1912 2887 1918 2896 '

417 3003 466 3070 Ut
492 3004 579 3068 enim
603 3003 700 3069 dolus
726 3013 827 3086 atque
850 3004 1012 3086 asperitas
1038 3004 1071 3066 in
1097 3002 1185 3068 bello
1207 3003 1317 3068 locum
1343 3003 1465 3068 habeat
1491 3003 1569 3080 iure,
1592 3001 1682 3066 nulla
1704 3011 1818 3066 tamen

417 3125 466 3181 est
484 3115 563 3181 belli
582 3135 658 3199 pars
679 3136 764 3198 quae
782 3136 899 3179 uacare
917 3115 1042 3180 iustitia
1059 3117 1173 3198 possit.
1218 3116 1331 3179 ‘Iuste
1349 3135 1415 3179 non
1437 3115 1545 3178 minus
1569 3135 1669 3196 quam
1691 3113 1818 3178 sortiter

417 3227 526 3291 ‘bella
547 3221 711 3309 gerenda’
735 3225 896 3292 Camillus
915 3227 1085 3310 respondit
1094 3226 1116 3290 ³.
1163 3226 1208 3290 Et
1236 3227 1328 3290 Deus
1351 3226 1397 3290 sic
1420 3225 1494 3306 lege
1516 3222 1642 3290 iussit⁴.

458 3337 575 3421 Atque
597 3338 680 3403 haec
695 3338 830 3420 quidem
853 3338 977 3402 iustitia
998 3337 1088 3401 ineo
1104 3339 1246 3419 primum
1262 3358 1333 3402 esse
1356 3338 1495 3415 uidetur,
1511 3346 1548 3400 ut
1565 3356 1640 3401 eum
1656 3336 1818 3400 delibera-

417 3449 515 3513 tionis
532 3459 663 3514 nostrae
684 3449 856 3514 certiorem
874 3450 1052 3513 reddamus
1070 3459 1184 3512 contra
1201 3469 1300 3530 quem
1320 3447 1444 3511 bellum
1464 3445 1729 3511 deliberauimus
1777 3447 1817 3511 Id

417 3561 579 3644 siquidem
598 3561 712 3624 diuina
729 3560 846 3624 itidem
870 3560 1034 3624 sancitum
1058 3558 1131 3641 lege
1154 3559 1250 3636 est⁶;
1274 3568 1307 3623 et
1330 3578 1415 3641 quae
1437 3559 1494 3621 lex
1511 3559 1626 3639 utique
1641 3558 1685 3622 ad
1701 3579 1817 3622 omnes

417 3671 567 3753 pertinet,
589 3691 655 3735 non
677 3672 721 3736 ad
746 3671 887 3735 Iudaeos
910 3671 1020 3736 solos:
1058 3690 1137 3733 nam
1161 3670 1217 3733 lex
1241 3679 1290 3734 cst
1315 3689 1381 3733 non
1405 3668 1612 3752 reipublicae,
1634 3670 1694 3732 sed
1721 3679 1818 3733 extra

419 3782 663 3866 rempublicam.
721 3782 790 3848 Sed
817 3791 852 3848 et
877 3782 932 3846 alii
957 3783 1046 3847 idem
1070 3790 1274 3860 censuerunt,
1298 3779 1424 3861 Graeci,
1447 3781 1586 3859 barbari,
1610 3789 1643 3844 et
1671 3783 1819 3846 maxime

418 3895 564 3958 omnium
588 3894 732 3958 Romani
742 3894 765 3959 ⁰.
820 3893 978 3959 ‘Nullum
1000 3894 1124 3959 bellum
1150 3895 1273 3957 iustum
1300 3893 1411 3958 haberi
1435 3891 1573 3972 uidetur,
1595 3893 1657 3957 nisi
1685 3895 1819 3958 nuncia-

420 4011 522 4086 'tum,
541 4006 603 4070 nisi
620 4005 791 4085 indictum,
809 4006 871 4070 nisi
891 4006 1038 4090 repetitis
1057 4005 1171 4086 rebus’
1189 4015 1225 4070 ut
1244 4005 1374 4089 scripsit
1394 4003 1530 4070 Cicero:
1555 4014 1588 4069 et
1607 4016 1657 4070 est
1678 4006 1818 4071 relatum

419 4117 452 4180 in
469 4120 519 4182 ius
537 4119 731 4183 canonicum
740 4117 761 4184 ⁷.
808 4118 854 4184 Et
869 4139 948 4182 uero
966 4118 1066 4183 etiam
1085 4117 1135 4181 ius
1153 4117 1249 4181 ciuile
1266 4117 1313 4181 sic
1331 4125 1445 4181 censet
1454 4114 1476 4183 ⁸.
1523 4116 1569 4180 Et
1587 4117 1699 4199 itaque
1717 4120 1819 4202 scrip-

515 4309 709 4373 ¹Cic.Ver.4;
728 4307 955 4359 Gell.lib.a.c.6.
1043 4309 1137 4359 ’ΤεῑῑΙ
1150 4310 1205 4359 adu.
1217 4309 1302 4360 Iudae.
1315 4325 1336 4360 c.
1348 4325 1372 4375 9.
1460 4308 1541 4359 ”liu
1553 4309 1597 4360 lib.
1611 4324 1632 4372 5.
1646 4325 1667 4359 c.
1682 4325 1718 4373 ²7·

636 4389 645 4418 ⁴
662 4389 737 4440 Deut.
751 4403 790 4453 ²3·
909 4391 919 4421 ⁵
935 4391 1011 4442 Deut.
1026 4406 1070 4449 203
1088 4392 1186 4457 Ioseph.
1202 4404 1224 4454 5.
1236 4393 1321 4456 Antiq.
1335 4406 1363 4449 a;
1381 4394 1448 4456 Aug.
1461 4391 1515 4440 Iud.
1527 4408 1550 4455 q.
1563 4407 1604 4456 49.

420 4470 561 4522 ‘Herodot
572 4485 601 4535 53
618 4471 835 4535 Xen.Ages.c.1;
855 4471 949 4536 Diony.
958 4472 1002 4522 lib.
1014 4487 1065 4522 ac.
1075 4483 1120 4536 723
1138 4473 1193 4523 Liu.
1205 4486 1226 4522 1.
1236 4489 1258 4523 c.
1269 4487 1308 4534 3²·
1341 4473 1350 4502 ⁷
1361 4473 1414 4523 Cic.
1426 4485 1447 4522 1.
1456 4472 1487 4521 de
1498 4471 1546 4522 Off.
1557 4489 1577 4522 c.
1590 4487 1617 4521 11
1628 4490 1634 4528 ς
1651 4489 1672 4523 c.
1684 4487 1706 4521 1.
1716 4487 1753 4535 ²3·
1763 4489 1786 4538 q.
1796 4488 1818 4522 2.

423 4553 463 4602 Ι1.
475 4556 556 4617 24.de
573 4561 641 4620 capt.
658 4554 705 4618 (D.
722 4569 763 4620 49.
778 4555 834 4620 15);
852 4555 937 4606 l.118.
955 4555 986 4605 de
1003 4556 1067 4606 U.S.
1086 4555 1131 4619 (D.
1147 4570 1186 4620 50.
1200 4556 1334 4616 16);1as.,
1347 4556 1400 4606 Bal.
1417 4557 1435 4604 l.
1451 4570 1474 4618 5.
1487 4555 1518 4605 de
1535 4557 1592 4605 iust.
1606 4556 1650 4620 (D.
1671 4569 1691 4605 1.
1708 4559 1741 4617 1),
1759 4557 1776 4606 l.
1794 4571 1821 4619 4.

693 4650 711 4668 *
768 4638 798 4688 C.
810 4638 841 4688 de
853 4639 906 4689 obs.
919 4654 958 4704 pa.
970 4636 1005 4702 (6.
1018 4637 1053 4700 6),
1067 4651 1088 4687 1.
1101 4653 1168 4689 cons.
1181 4639 1237 4701 418.
1248 4639 1299 4703 qui.
1311 4653 1361 4688 rno.
1373 4637 1404 4687 le.
1418 4653 1466 4688 am.

1089 4825 1148 4873 Ra
