4604 5562
727 677 788 730 na
815 678 918 732 runs
947 679 1082 750 asaal,
1111 679 1238 748 ΜΗ,
1271 679 1359 735 cna.
1382 681 1484 735 XXII.
1744 683 1806 751 105

410 918 519 1001 inepta
537 930 595 1000 est,
611 922 638 983 si
660 923 824 1004 possessio
846 943 911 985 non
935 923 978 986 de
996 924 1072 1000 iure,
1088 924 1146 987 sed
1165 923 1208 986 de
1226 923 1314 986 facto
1332 924 1518 1007 impeditur.
1548 936 1584 989 ut
1606 924 1659 988 hic
1683 923 1806 988 Baldus

410 1032 561 1112 exposuit
572 1029 592 1095 ¹.
637 1031 726 1115 Quid
744 1034 771 1096 si
788 1054 894 1116 neque
911 1034 1148 1116 protestatione
1167 1033 1219 1096 uel
1243 1034 1446 1098 clandestina
1470 1037 1620 1119 princeps
1643 1037 1807 1116 disceptet

408 1142 450 1204 de
472 1143 540 1207 iure
561 1142 645 1206 suo?
687 1141 811 1207 Adhuc
834 1144 974 1207 dicimus
997 1165 1063 1207 non
1086 1164 1162 1206 eum
1186 1142 1429 1242 negligentem?
1454 1166 1520 1209 non
1543 1167 1671 1210 currere
1693 1156 1807 1210 contra

409 1273 482 1316 eum
498 1253 810 1337 praescriptionem?
854 1253 922 1320 Sed
939 1266 989 1320 est
1006 1264 1039 1319 et
1054 1255 1119 1319 alia
1134 1255 1316 1319 difficultas.
1348 1258 1436 1338 quod
1454 1277 1529 1321 cum
1546 1278 1654 1340 regna,
1670 1267 1703 1320 et
1719 1258 1807 1339 prin-

410 1364 543 1446 cipatus,
563 1385 629 1429 non
648 1375 684 1429 ut
702 1367 831 1448 priuata
850 1367 1049 1449 patrimonia
1066 1387 1087 1429 a
1105 1365 1275 1429 uoluntate
1295 1367 1582 1448 praedecessorum
1601 1368 1756 1432 deuenire
1774 1368 1807 1429 in

410 1495 610 1540 successores
633 1477 791 1551 dicantur,
810 1477 869 1542 sed
892 1497 936 1540 ex
960 1477 1031 1541 sola
1053 1477 1135 1559 lege,
1153 1487 1186 1541 et
1209 1479 1453 1557 consuetudine,
1472 1479 1594 1543 habere
1619 1478 1672 1542 hic
1699 1479 1808 1543 locum

410 1587 621 1669 praescriptio
643 1608 748 1669 neque
771 1608 868 1671 posse
890 1586 1050 1652 uidetur2.
1081 1588 1243 1670 siquidem
1270 1589 1325 1671 qui
1353 1609 1396 1652 ex
1423 1609 1563 1670 persona
1587 1610 1646 1652 sua
1669 1589 1747 1670 agit,
1771 1598 1807 1652 ut

410 1717 576 1762 successor
607 1699 654 1762 ita
681 1699 788 1762 omnis
821 1718 918 1780 agere
951 1697 1102 1780 princeps
1141 1708 1260 1780 potest,
1290 1699 1319 1762 ei
1354 1700 1566 1782 praescriptio
1603 1701 1806 1782 superiorum

410 1817 596 1892 temporum
620 1829 685 1874 non
707 1809 862 1888 obstabit,
881 1819 914 1873 et
936 1809 1136 1891 negligentia
1159 1810 1448 1891 praedecessomm
1459 1811 1482 1872 ³.
1500 1835 1504 1846 ·
1528 1810 1590 1874 Cui
1613 1810 1808 1887 difficultati,

409 1928 443 1983 et
457 1920 490 1982 in
505 1919 558 1983 his
572 1921 782 2004 principibus,
801 1921 856 2003 qui
872 1928 1003 1983 tantum
1022 1918 1067 1981 illi
1086 1919 1150 2001 legi
1171 1921 1463 2002 consuetudinique
1479 1940 1617 2004 regnum
1632 1930 1806 2004 acceptum

409 2030 524 2108 ferunt,
544 2031 623 2095 nihil
647 2032 787 2096 multum
810 2033 1008 2114 respondere
1028 2030 1116 2095 aliud
1140 2050 1283 2112 possum,
1302 2032 1360 2095 sed
1383 2031 1446 2095 hoc
1465 2031 1580 2110 solum,
1601 2031 1689 2114 quod
1709 2053 1809 2114 gene·

411 2141 520 2205 taliter
541 2141 574 2205 in
597 2142 756 2224 principio
775 2143 856 2219 dixi,
874 2142 1053 2206 absurdum
1072 2161 1154 2216 esse,
1173 2150 1210 2205 ut
1233 2161 1292 2205 nec
1316 2150 1392 2223 post
1411 2143 1521 2206 secula
1539 2144 1625 2207 desit
1642 2163 1808 2207 armorum

411 2261 445 2316 et
460 2253 753 2316 controuersiarum
769 2252 959 2316 bellicarum
975 2261 1169 2334 praetextus
1184 2252 1297 2316 iustus.
1335 2251 1394 2316 An
1409 2253 1488 2334 quid
1505 2255 1610 2336 magis
1626 2253 1808 2332 ridiculum,

409 2383 508 2444 quam
524 2364 613 2446 quod
628 2364 741 2428 dicunt
755 2363 855 2446 aliqui
864 2363 886 2441 ⁴,
902 2373 1014 2427 tamen
1031 2383 1096 2428 non
1113 2363 1238 2428 ridiculi
1257 2364 1450 2445 interpretes
1473 2365 1558 2442 iuris,
1576 2385 1673 2447 posse
1693 2368 1809 2429 etiam-

412 2493 489 2537 num
516 2475 746 2556 imperatorem
771 2473 960 2538 Romanum
983 2493 1082 2555 agere
1107 2473 1150 2536 ad
1174 2493 1311 2556 regnum
1339 2473 1530 2556 Hispaniae,
1557 2477 1645 2557 quod
1674 2486 1807 2558 captum

411 2593 443 2647 et
461 2605 648 2666 possessum
664 2584 835 2650 Saracenis
850 2584 1032 2648 diutissime
1049 2583 1118 2661 suit,
1134 2593 1168 2646 et
1187 2584 1301 2666 perdiu
1320 2585 1419 2648 etiam
1438 2594 1570 2650 tenetur
1587 2587 1630 2650 ab
1647 2588 1807 2670 Hispanis

411 2695 607 2760 hominibus.
653 2694 721 2760 Sed
747 2705 780 2760 et
806 2696 906 2759 iidem
934 2696 1077 2772 tradunt,
1104 2695 1279 2760 abhorrere
1309 2705 1397 2760 certe
1426 2717 1446 2760 a
1475 2718 1573 2760 sensu
1600 2698 1747 2777 naturali,
1771 2708 1809 2762 ut

412 2826 590 2888 numquam
609 2809 654 2871 sit
669 2808 836 2889 usucapio
867 2827 927 2870 nec
946 2827 1102 2889 umquam
1123 2808 1273 2871 auditum
1292 2828 1312 2870 a
1330 2808 1463 2872 condita
1481 2809 1578 2890 legali
1597 2810 1755 2888 doctrina,
1772 2820 1808 2875 ut

410 2919 565 3000 usucapio
592 2927 763 2982 moueatur
788 2916 970 2981 seculorum
979 2916 1001 2981 ⁶.
1058 2915 1147 2999 Quid
1179 2918 1211 2981 ni
1237 2919 1541 3002 successoribusque
1568 2920 1807 3003 praeiudicetur

412 3027 484 3107 hic;
506 3030 590 3093 sicut
609 3038 644 3093 et
662 3029 806 3107 seudum,
821 3029 909 3112 quod
932 3049 975 3092 ex
997 3027 1104 3111 prima
1119 3029 1311 3093 inuestitura
1326 3040 1360 3093 et
1378 3031 1564 3112 prouisione
1581 3033 1678 3114 primi
1701 3033 1809 3095 inues-

411 3139 463 3204 titi
483 3141 625 3220 pertinet
647 3141 690 3204 ad
713 3159 916 3204 successores
937 3140 1175 3204 descendentes
1198 3161 1322 3217 omnes,
1340 3141 1503 3205 amittitur
1522 3161 1541 3204 a
1560 3143 1677 3206 mediis
1700 3163 1807 3225 saepe,

412 3260 445 3314 et
467 3253 510 3316 ad
534 3260 706 3334 sequentes
729 3271 795 3314 non
819 3251 910 3314 uenit
919 3250 940 3314 θ.
996 3250 1086 3333 Quid
1113 3252 1145 3314 ni
1168 3251 1407 3334 praeiudicatur
1428 3254 1667 3316 successoribus
1689 3255 1809 3335 prInci·

412 3363 508 3444 pibus
523 3385 543 3426 a
558 3362 828 3445 praecessoribus
844 3362 871 3426 si
887 3381 1089 3426 successores
1104 3362 1149 3426 sic
1165 3362 1287 3440 uolunt,
1302 3383 1509 3445 aequumque
1525 3373 1652 3446 putant,
1668 3367 1808 3442 nomine,

411 3475 613 3552 auctoritate,
631 3474 807 3539 commodo
826 3495 846 3537 a
863 3472 1124 3556 praecessoribus
1142 3470 1225 3536 frui?
1281 3473 1335 3537 De
1356 3473 1427 3536 aliis
1450 3474 1658 3556 principibus,
1676 3476 1731 3557 qui
1750 3487 1807 3542 aut

411 3586 537 3650 domini
559 3595 644 3664 sunt,
666 3595 724 3648 aut
746 3584 867 3648 liberae
890 3584 1088 3667 reipublicae
1113 3584 1331 3666 magistratus,
1355 3603 1406 3646 res
1429 3592 1480 3647 est
1502 3586 1698 3667 expeditior.
1730 3607 1807 3650 nam

412 3697 507 3778 primi
525 3705 663 3779 possunt
681 3704 824 3760 statuere
838 3695 881 3758 de
896 3694 1035 3776 imperio
1049 3715 1109 3758 suo
1124 3694 1245 3758 libere:
1269 3703 1301 3758 et
1317 3695 1428 3776 itaque
1446 3697 1684 3760 successoribus
1704 3699 1805 3761 etiam

411 3807 640 3889 praeiudicare.
671 3805 804 3870 secundi
826 3805 871 3869 sic
894 3805 1138 3888 praeiudicant:
1169 3805 1246 3887 quia
1268 3804 1461 3870 uniuersitas
1483 3806 1612 3870 illorum
1635 3807 1807 3874 hominum

412 3938 531 3998 secum,
549 3939 634 4001 quae
656 3919 736 3982 item
759 3916 860 3981 libere
883 3927 994 4000 potest
1016 3918 1059 3981 de
1081 3938 1117 3980 se
1142 3926 1177 3981 et
1199 3917 1265 3980 suis
1288 3918 1484 3981 constituere
1508 3939 1547 3982 ea
1569 3929 1627 3998 est,
1647 3941 1732 4001 quae
1755 3921 1808 3986 hic

412 4030 620 4112 praeiudicat.
665 4029 764 4094 Nunc
786 4031 829 4094 de
847 4029 1059 4093 uniuersitate
1078 4028 1214 4092 uerbum
1236 4029 1323 4096 audi.
1368 4029 1484 4092 Uideri
1507 4031 1640 4112 quidem
1664 4033 1807 4096 eundem

412 4161 482 4206 esse
507 4141 666 4224 populum
693 4161 842 4223 semper:
877 4149 911 4205 et
938 4160 1114 4223 usucapere
1141 4150 1254 4205 tamen
1281 4161 1349 4203 rem
1375 4141 1539 4206 alienam:
1574 4143 1650 4224 quia
1674 4163 1808 4225 praesu-

414 4261 520 4316 matur
534 4252 591 4316 illa
606 4252 756 4316 desinere
770 4252 914 4330 scientia,
929 4272 1014 4335 quae
1029 4251 1125 4316 luerit
1141 4252 1185 4315 rei
1201 4251 1335 4318 alienae,
1382 4251 1459 4316 Hoc
1477 4251 1622 4318 Corneus
1633 4253 1655 4318 ⁷.

445 4485 521 4537 ιΒαΙ.
533 4486 550 4535 1.
562 4485 692 4537 barbarius
704 4486 749 4548 (D.
762 4499 782 4535 ι.
796 4486 846 4548 14).
911 4484 1002 4536 Ἠοῖ.
1015 4485 1055 4536 Ill.
1069 4485 1165 4549 Q.1et
1176 4485 1207 4535 de
1219 4486 1250 4534 iu.
1263 4501 1313 4536 suc.
1326 4485 1371 4534 ira.
1384 4486 1400 4536 l.
1415 4500 1436 4535 1.
1502 4485 1586 4536 'Alc
1598 4501 1622 4551 9.
1635 4500 1771 4551 cons.119.

413 4568 491 4619 ‘Alc
503 4569 520 4620 l.
533 4583 555 4632 5.
567 4569 599 4619 de
610 4569 668 4619 inst.
680 4569 726 4632 (D.
743 4582 764 4618 1.
779 4573 812 4630 ι).
869 4567 953 4618 *Alc
965 4583 989 4630 4.
1001 4583 1068 4618 cons.
1080 4584 1104 4631 4.
1160 4567 1393 4628 ‘Clanfiseudum
1405 4583 1428 4630 q.
1440 4565 1480 4617 66.
1538 4565 1640 4616 'Com
1655 4581 1676 4616 2.
1688 4583 1749 4617 cons
1768 4582 1808 4630 4³·

1102 4779 1121 4826 P
