4456 5566
866 739 1274 806 PRAEFATIO.
1709 744 1771 806 xix

739 889 753 894 -
779 889 940 896 *αφ-..-
947 889 1154 896 ---—...—..
1166 891 1200 896 .-.
1208 891 1233 896 —

373 982 517 1058 ESSEx1‚
553 982 717 1065 reputanti
741 981 906 1064 gratiores
936 993 1090 1047 connatus
1118 983 1156 1047 lei
1186 984 1252 1047 neci
1281 983 1459 1063 aduenieut,
1488 993 1520 1048 et
1552 1005 1573 1046 a
1608 983 1773 1067 repreben-

371 1086 515 1150 sionibus
537 1086 685 1167 sortasse
716 1083 829 1150 multis
852 1087 1116 1169 praestabuntur.
1181 1088 1228 1152 Ut
1258 1087 1341 1170 quid
1369 1088 1456 1152 enim
1489 1087 1646 1152 iudicium
1680 1097 1771 1152 tuum

372 1210 434 1252 non
464 1210 586 1268 uerear,
609 1191 669 1273 qui
695 1213 717 1255 a
738 1191 854 1273 prima
876 1192 1023 1274 pueritia
1053 1213 1115 1256 uon
1145 1213 1242 1256 arma
1271 1193 1374 1256 solum
1405 1191 1561 1268 tractasti,
1591 1192 1627 1255 in
1657 1192 1773 1273 quibus

371 1302 404 1355 et
426 1304 524 1358 natus
545 1314 604 1369 es,·
634 1294 693 1358 sed
709 1305 742 1358 et
762 1295 882 1359 litteris
908 1297 1007 1360 ctiam
1034 1296 1082 1360 ita
1105 1295 1281 1360 incubuisti
1298 1305 1428 1378 semper,
1451 1303 1490 1359 ut
1506 1296 1659 1378 quamuis
1680 1296 1772 1360 illus-

373 1397 457 1461 trior
486 1407 515 1460 te
547 1397 598 1462 rei
627 1397 785 1463 militaris
811 1400 924 1481 gloria
953 1401 1111 1482 complexa
1140 1400 1192 1477 sit,
1223 1420 1285 1462 non
1315 1398 1456 1462 dubitem
1488 1408 1603 1473 tamen,
1633 1401 1713 1482 quin
1741 1409 1775 1463 et

371 1501 407 1564 in
430 1501 535 1565 altera
551 1513 649 1585 parte
672 1503 719 1567 sic
744 1504 861 1582 nabas,
888 1513 1049 1586 utquam
1074 1513 1235 1568 assecutus
1259 1523 1423 1567 summam
1451 1503 1485 1566 in
1508 1523 1546 1566 ea
1568 1523 1602 1565 es
1626 1501 1772 1584 dignita-

372 1614 443 1683 tem,
472 1606 558 1670 beeri
579 1609 679 1670 etiam
705 1607 905 1690 dignissime,
929 1619 962 1672 et
988 1609 1146 1672 sustinere
1163 1607 1279 1690 possis.
1334 1606 1480 1672 Ceterum
1506 1607 1541 1670 in
1569 1604 1772 1671 buneanitate

370 1717 427 1773 tuo
451 1709 538 1773 milei
550 1710 756 1791 praesidium
783 1713 892 1777 tutius.
940 1709 1218 1790 Quemadmodum
1244 1712 1350 1793 egitur
1370 1711 1519 1792 primam
1547 1709 1592 1773 di
1616 1729 1695 1784 mea,
1722 1710 1771 1774 ita

369 1812 539 1876 semndam
575 1814 659 1878 banc
690 1815 983 1879 commentationem
1013 1815 1200 1880 humaniter
1227 1826 1300 1897 cape
1328 1813 1367 1877 de
1404 1814 1469 1877 uui
1498 1813 1634 1876 alterius
1670 1835 1770 1878 mauu

374 1915 514 1980 Tleomae
539 1916 678 1998 Smytlci‚
701 1919 868 1982 secretarii
892 1919 949 1996 tui,
974 1928 1007 1982 et
1028 1918 1101 1982 uiri
1120 1939 1192 1981 cum
1217 1926 1320 1981 cetera
1338 1917 1527 1999 peregregii,
1555 1926 1624 1979 tum
1650 1915 1771 1980 Latine

368 2018 529 2083 scribendi
540 2021 747 2102 praestantia
761 2031 860 2104 prope
877 2021 1017 2086 dixerim
1033 2019 1222 2103 singulares.
1251 2029 1284 2084 et
1295 2019 1371 2083 leaec
1390 2019 1476 2084 enim
1496 2028 1621 2097 tuaest,
1637 2017 1698 2082 tibi
1714 2018 1769 2082 de·

368 2133 489 2204 sponsa,
507 2123 568 2188 tibi
579 2125 708 2189 debita:
731 2125 790 2207 qui
806 2147 868 2190 non
891 2135 1016 2190 nostros
1038 2123 1138 2202 modo,
1153 2123 1210 2186 sed
1220 2124 1346 2206 priscos
1369 2124 1437 2187 iam
1460 2123 1494 2186 in
1512 2122 1619 2186 stadio
1640 2123 1702 2185 isto
1722 2123 1773 2187 rei

369 2223 494 2290 bellicae
513 2227 628 2293 beruas
649 2227 760 2304 uineis,
780 2250 858 2293 nam
882 2228 1018 2293 trileorio
1039 2227 1098 2291 sub
1113 2227 1237 2308 grauis
1259 2237 1449 2291 armaturae
1464 2225 1606 2308 pondere
1629 2226 1703 2308 quis
1728 2226 1770 2290 ab

368 2331 458 2394 omni
471 2331 665 2412 antiquitate
682 2353 766 2395 unus
781 2332 895 2396 hastas
911 2343 1035 2396 centum
1050 2341 1082 2396 et
1095 2340 1160 2394 octo
1167 2331 1431 2410 fortissimorum
1446 2331 1588 2412 equitum
1603 2329 1770 2408 sustinuit,

368 2431 556 2516 totidemque
571 2435 605 2497 in
623 2434 763 2499 aduersa
770 2445 900 2518 pectora
907 2436 1044 2518 fregit?
1068 2434 1106 2497 id
1124 2443 1158 2496 tu
1177 2443 1286 2515 nceper.
1309 2435 1441 2498 sednon
1458 2455 1514 2515 ego
1529 2432 1768 2514 amplissimum

367 2533 451 2600 lcunc
465 2546 596 2602 mamm
612 2537 747 2601 laudum
760 2549 908 2620 campum
924 2537 1098 2621 ingredior.

417 2657 498 2723 Uale
510 2668 543 2721 et
558 2657 666 2724 Saluo.
713 2658 813 2722 Oxou.
830 2672 868 2721 1v
884 2659 922 2721 K
923 2657 966 2722 al.
981 2659 1056 2722 Ion.
1076 2671 1319 2722 MDLxxxvlss.

419 2839 483 2910 Ad
501 2838 853 2912 commentationem
872 2839 1019 2911 tertiam
1038 2837 1197 2936 legimus
1212 2866 1271 2912 :—

410 2969 549 3034 Absolui
569 2969 705 3050 tandem,
727 2970 815 3053 quod
832 2969 990 3048 constitui,
1005 2981 1038 3034 et
1057 2972 1153 3053 quasi
1166 2981 1260 3053 pacto
1282 2971 1342 3035 tibi
1361 2969 1520 3053 spopondi,
1545 2970 1767 3034 tractationem

366 3072 406 3136 de
428 3075 498 3136 iure
519 3072 612 3137 belli:
641 3095 718 3138 nam
741 3072 818 3138 baec
840 3075 937 3137 tertia
956 3084 989 3137 et
1002 3084 1164 3156 postrema
1184 3084 1232 3138 est
1251 3075 1371 3138 scilicet
1389 3074 1620 3139 commentatio.
1663 3074 1698 3136 E
1701 3094 1767 3155 rgo,

368 3176 454 3258 quod
472 3186 575 3242 restat
595 3197 704 3256 unum,
723 3176 762 3240 id
781 3176 866 3241 mibi
886 3177 1051 3258 rogandus
1072 3199 1113 3254 es,
1135 3177 1330 3242 nobilissime
1347 3178 1492 3254 ESSEXI,
1510 3187 1549 3240 ut
1568 3177 1696 3259 quando
1713 3199 1766 3240 ceu

366 3290 513 3361 suspenso
528 3290 607 3357 uoto,
624 3302 704 3362 quae
722 3280 756 3344 in
773 3289 801 3342 te
814 3289 888 3344 erat
904 3301 1035 3344 summa
1049 3281 1227 3344 uoluntatis
1244 3302 1330 3345 meae
1336 3280 1513 3363 propensio,
1530 3279 1633 3362 ipsam
1650 3279 1767 3360 tibique

366 3402 438 3446 sum
453 3382 510 3446 boc
524 3400 653 3446 mernere
666 3391 866 3459 contestatus,
884 3392 918 3446 tu
933 3383 1063 3446 eandem
1082 3383 1157 3447 boni
1168 3384 1321 3461 consulas,
1335 3394 1368 3446 et
1380 3404 1431 3447 me
1450 3382 1484 3446 in
1507 3383 1572 3446 tuis
1586 3403 1687 3445 unecm
1701 3403 1767 3445 esse

366 3507 428 3548 non
436 3486 583 3568 patiaris
597 3486 696 3560 modo,
712 3486 879 3550 sedetiam
895 3486 1101 3550 libentissime
1118 3487 1206 3551 eccles.
1251 3487 1344 3550 Nam
1361 3495 1394 3550 et
1405 3483 1492 3567 quod
1503 3485 1594 3548 uiros
1607 3485 1767 3550 litteratos

367 3609 462 3663 ames,
479 3589 666 3672 foueasquc,
690 3599 724 3652 et
747 3589 932 3653 litterarum
957 3609 1077 3671 quoque
1105 3598 1274 3668 amatores,
1301 3589 1336 3653 in
1362 3589 1436 3672 quis
1464 3609 1527 3670 ego,
1551 3590 1767 3671 complectaris

367 3691 580 3758 beneuolentia
604 3703 668 3771 tua,
693 3693 731 3754 id
754 3692 820 3768 lux,
846 3701 878 3754 et
900 3691 972 3755 uite
998 3713 1065 3756 una
1080 3691 1354 3773 fortissimorum,
1378 3691 1468 3754 crede
1492 3690 1583 3769 melei,
1598 3701 1765 3774 gestorum

367 3803 495 3861 tuorum
519 3807 576 3872 est,
599 3818 679 3879 quae
702 3795 789 3860 aleas
814 3805 875 3859 aut
896 3796 1027 3860 obscura
1055 3793 1212 3878 degerent,
1243 3806 1303 3859 aut
1323 3817 1395 3858 cum
1420 3805 1508 3877 opere
1535 3795 1595 3858 isto
1613 3795 1768 3878 protinus

366 3901 558 3982 expirarent.
603 3901 713 3964 Macte
731 3909 866 3982 utraque
888 3899 1009 3962 uirtute
1028 3919 1148 3962 comes:
1171 3909 1202 3962 et
1222 3897 1349 3981 quando
1368 3899 1534 3964 ardentem
1555 3906 1646 3962 tuum
1666 3899 1766 3963 istum

366 4005 513 4068 animum
525 4003 613 4067 nibil
623 4003 664 4067 ab
677 4003 800 4085 egregie
802 4003 972 4084 factomm
987 4023 1097 4066 amore
1111 4002 1266 4076 retardat,
1279 4023 1402 4086 agerice
1416 4003 1497 4066 uelis
1512 4003 1655 4085 insigma
1667 4003 1767 4067 tacere

360 4107 517 4187 facinora
541 4117 606 4184 tua,
628 4117 801 4170 mortemue
824 4107 924 4188 quasi
939 4105 1112 4188 parricida
1138 4105 1257 4187 afferre
1276 4106 1329 4170 bis
1352 4107 1500 4171 omnibus
1524 4128 1605 4190 quae
1627 4106 1768 4172 edideris

365 4209 633 4287 excellentissima,
656 4208 735 4273 dcem
758 4209 877 4272 litteris
900 4219 928 4272 te
949 4229 1012 4271 non
1027 4209 1193 4290 praebeas,
1209 4209 1293 4272 unde
1314 4231 1351 4273 ea
1373 4220 1405 4274 et
1425 4212 1567 4289 alantur,
1581 4221 1614 4274 et
1635 4211 1768 4274 immor-

367 4312 492 4377 talitate
518 4323 749 4378 consuerentur.
796 4313 939 4376 Nomino
967 4321 1075 4375 uectem
1103 4312 1165 4376 bas
1186 4313 1356 4396 praecipue
1385 4314 1511 4378 litteras
1541 4314 1601 4377 tibi
1628 4335 1709 4396 quae
1739 4324 1767 4376 te

365 4414 473 4480 decem
484 4416 662 4499 praecipue,
680 4438 758 4480 uera
777 4417 889 4481 studia
900 4415 1106 4498 publicarum
1129 4437 1259 4481 rerum:
1289 4417 1328 4480 de
1349 4418 1463 4500 quibus
1485 4416 1674 4499 loquendum
1698 4417 1766 4494 tibi,

367 4519 426 4582 tibi
450 4520 657 4584 tractandum
679 4531 746 4584 est:
772 4520 950 4603 dequibus
970 4531 1146 4602 apparatus
1166 4544 1187 4584 a
1211 4541 1260 4584 me
1281 4521 1333 4585 lu'c
1350 4521 1508 4585 eiusmodi
1518 4521 1633 4601 sactus
1653 4529 1708 4595 est,
1731 4528 1770 4581 ut

366 4623 399 4684 si
412 4623 503 4688 illam
519 4624 701 4705 inspexeris,
718 4624 773 4688 illo
797 4635 826 4688 te
845 4625 1039 4688 instruxeris
1055 4635 1097 4702 tu,
1113 4645 1174 4687 uon
1196 4623 1337 4689 dubitem
1344 4625 1429 4706 fore,
1444 4625 1523 4707 quin
1536 4633 1665 4706 partem
1681 4622 1767 4684 iteris

375 4788 560 4800 utha-n-
568 4793 693 4801 ηιμ-ω
701 4795 749 4800 --
756 4793 891 4800 —-—-——
902 4793 962 4799 ——-—
981 4793 1089 4800 ——u--w
1265 4792 1488 4800 —v-——n—-n--n
