4456 5566
720 707 780 760 na
809 708 913 762 runs
941 709 1074 777 sarar,
1103 709 1231 778 arar,
1264 691 1353 778 cna,
1374 709 1427 766 ιν.
1729 720 1766 769 21

376 943 536 1008 Subditus
559 943 750 1009 rebellando
765 966 831 1009 non
847 946 1010 1011 subtrahit
1031 967 1067 1010 se
1087 967 1107 1010 a
1129 947 1331 1012 subiectione
1346 947 1424 1010 iuris
1436 973 1449 1012 ι.
1463 948 1510 1034 ait
1526 948 1650 1014 Baldus
1660 947 1680 1014 ¹.
1726 949 1772 1014 Et

376 1053 599 1137 delinquendo
619 1067 716 1118 nemo
735 1056 772 1120 frt
787 1055 977 1139 pretiosior:
1004 1057 1051 1124 ait
1070 1056 1223 1122 Paulus2.
1269 1058 1315 1122 Et
1330 1058 1395 1122 alia
1412 1059 1537 1140 ratione
1552 1043 1613 1123 nec
1629 1061 1679 1124 ius
1693 1061 1772 1124 belli

374 1165 517 1230 habent:
541 1165 618 1249 quia
640 1166 689 1229 ius
709 1166 787 1230 belli
807 1189 827 1232 a
845 1169 996 1250 gentium
1019 1169 1087 1233 iure
1106 1178 1174 1232 est:
1198 1178 1231 1232 et
1254 1169 1337 1233 tales
1360 1189 1424 1234 non
1444 1168 1595 1234 fruuntur
1616 1170 1679 1236 illo¹
1695 1172 1772 1249 iure,

375 1277 425 1340 cui
452 1276 564 1341 hostes
588 1286 675 1340 sunt.
730 1276 804 1356 His,
822 1279 879 1362 qui
901 1301 921 1343 a
948 1280 1180 1345 communione
1206 1301 1242 1343 se
1268 1281 1508 1356 subduxerunt,
1531 1292 1633 1364 atque
1657 1282 1773 1348 foedus

375 1389 510 1452 humani
539 1389 668 1471 generis
695 1385 746 1474 (ut
776 1389 921 1472 loquitur
951 1390 1068 1456 Flonrs
1078 1389 1105 1478 ³)
1132 1392 1340 1474 abruperunt,
1368 1394 1417 1457 ius
1448 1393 1513 1476 qui.
1536 1402 1657 1472 manet,
1681 1395 1772 1476 quod

375 1498 487 1578 nihil⁴,
510 1499 793 1579 nisicommunio,
817 1510 850 1564 et
872 1501 990 1565 foedus
1013 1512 1074 1566 est.
1120 1502 1250 1567 Piratae
1272 1503 1420 1566 omnium
1448 1503 1635 1568 mortalium
1660 1504 1772 1568 hostes

374 1620 451 1675 sunt
469 1630 661 1676 communes
671 1610 693 1675 ⁶.
748 1612 793 1675 Et
809 1612 920 1694 itaque
936 1621 1036 1696 negat
1053 1613 1177 1691 Cicero,
1194 1634 1292 1696 posse
1307 1632 1383 1678 cum
1399 1614 1469 1678 istis
1485 1614 1685 1678 intercedere
1700 1615 1772 1680 iura

374 1721 461 1786 belli.
491 1721 574 1796 ‚⁴81
600 1722 821 1804 praedonibus
848 1734 983 1806 pactum
1013 1745 1073 1808 pro
1100 1726 1209 1808 capite
1235 1726 1376 1808 pretium
1409 1745 1474 1789 non
1500 1725 1656 1804 attuleris,
1681 1725 1771 1790 nulla

375 1834 485 1899 ‘fraus
504 1843 572 1898 est:
597 1853 638 1897 ne
660 1835 687 1898 si
710 1835 834 1898 iuratus
851 1835 986 1918 quidem
1010 1837 1043 1901 id
1067 1858 1133 1900 non
1156 1833 1306 1902 feceris?
1329 1837 1444 1920 inquit.
1489 1837 1536 1900 Et
1554 1836 1686 1914 Baldus,
1705 1858 1771 1901 non

374 1946 424 2010 his
438 1945 562 2010 bellum
579 1946 686 2024 indici,
702 1966 769 2010 non
785 1947 887 2010 teneri
904 1967 964 2011 nos
980 1949 1084 2012 redire
1100 1948 1143 2013 ad
1159 1969 1225 2026 eos,
1241 1949 1297 2031 qui
1314 1949 1364 2013 ius
1381 1949 1515 2013 tenendi
1531 1968 1596 2012 non
1616 1946 1739 2014 habent
1749 1949 1772 2013 ⁰.

376 2059 421 2122 Et
444 2059 477 2122 id
499 2078 605 2140 genus
627 2057 700 2122 alia.
744 2056 861 2140 Atque
883 2058 969 2122 adeo
992 2058 1115 2139 Liuius,
1136 2060 1337 2125 ‘latronibus
1360 2061 1478 2140 uerius,
1496 2080 1598 2142 quarn
1620 2059 1772 2123 hostibus

376 2169 510 2234 ‘iustis’
556 2169 601 2234 Et
626 2168 724 2248 alibi;
756 2171 845 2251 quod
872 2180 1019 2235 sumtum
1045 2171 1242 2254 supplicium
1269 2174 1312 2237 de
1337 2171 1557 2254 praedonibus
1582 2171 1689 2247 fuerit,
1712 2190 1772 2239 nec

375 2283 491 2345 datum
510 2281 557 2346 eis
574 2281 652 2345 belli
669 2281 720 2344 ius
735 2279 864 2346 fueriti.
910 2280 1005 2364 Quae
1025 2291 1059 2346 et
1078 2283 1120 2346 de
1140 2283 1287 2365 fugitiuis
1307 2283 1420 2348 scribit
1442 2282 1568 2348 Florus.
1614 2282 1772 2346 Inuitauit

376 2389 555 2474 Spartacus
576 2391 731 2457 Crassum
747 2393 790 2455 ad
806 2392 957 2456 foedera:
978 2393 1037 2458 sed
1056 2413 1131 2458 curn
1151 2393 1347 2476 indignitate
1365 2393 1504 2458 reiectus
1513 2391 1535 2458 ⁸.
1580 2393 1772 2458 Tacfarinas

374 2504 458 2568 latro
476 2503 560 2568 Afer
577 2504 649 2580 huc,
664 2512 700 2566 ut
716 2502 853 2568 Tacitus
871 2504 1008 2583 scribitl,
1023 2505 1229 2588 arrogantiae
1252 2515 1395 2584 uenerat,
1411 2513 1447 2568 ut
1469 2503 1598 2587 legatos
1613 2505 1655 2568 ad
1672 2504 1773 2568 Tibe·

375 2615 458 2679 rium
483 2615 638 2680 mitteret.
692 2612 760 2678 Sed
786 2615 965 2678 excanduit
992 2615 1062 2694 iste,
1085 2625 1119 2679 et
1145 2615 1379 2680 contumeliam
1405 2614 1528 2680 factam
1554 2613 1617 2678 sibi
1643 2636 1664 2678 a
1686 2614 1772 2679 Tac·

375 2725 513 2790 larinate
535 2723 732 2809 singularem
755 2725 918 2805 adfirmat,
939 2728 1028 2810 quod
1052 2729 1176 2810 praedo
1203 2748 1313 2792 secum
1334 2727 1427 2811 quasi
1450 2727 1628 2811 perduellis
1651 2738 1772 2812 ageret,

373 2837 519 2902 hostisue
542 2838 700 2920 publicus.
747 2838 927 2920 Nunquam
943 2840 1048 2922 pactis
1062 2839 1185 2904 bellum
1202 2859 1276 2904 cum
1299 2839 1519 2922 praedonibus
1542 2840 1772 2921 compositum,

377 2971 481 3034 neque
508 2951 694 3015 foederibus
721 2950 870 3016 finitum:
905 2951 963 3015 sed
993 2959 1052 3016 aut
1081 2951 1273 3034 superstites
1299 2949 1388 3014 fuere
1413 2950 1574 3030 uictores;
1608 2961 1667 3015 aut
1693 2951 1771 3016 uicti

376 3081 508 3126 necesse
535 3062 616 3126 mori
640 3061 824 3126 habuerunt
834 3061 869 3125 ¹⁰.
924 3063 1014 3144 Ergo
1038 3062 1144 3140 miror,
1170 3063 1398 3126 Hotomanum
1421 3060 1597 3126 adfirmare
1619 3060 1770 3140 uoluisse,

376 3173 424 3234 ius
449 3172 597 3254 gentium
624 3172 691 3235 imo
716 3181 749 3235 et
772 3192 847 3236 cum
868 3172 1023 3255 fugitiuis,
1047 3181 1080 3237 et
1103 3193 1177 3237 cum
1198 3172 1419 3256 praedonibus
1442 3192 1513 3236 esse
1522 3169 1555 3236 ¹¹.
1601 3172 1646 3236 Et
1665 3173 1770 3255 prima

375 3281 443 3345 eius
465 3292 515 3346 est
539 3283 631 3360 rati0,
647 3283 725 3365 quia
747 3281 803 3346 lex
826 3281 917 3346 nulla
935 3283 986 3361 sit,
1001 3303 1087 3365 quae
1108 3283 1324 3366 pactionibus,
1345 3291 1379 3348 et
1402 3282 1674 3347 conuentionibus
1694 3303 1770 3346 cum

376 3392 438 3457 illis
460 3394 691 3458 contrahendis
712 3393 893 3470 interdicat,
919 3394 1031 3475 itaque
1051 3414 1137 3476 quae
1157 3393 1353 3456 nominatim
1373 3393 1478 3456 uetita
1502 3413 1567 3456 non
1589 3403 1673 3469 sunt,
1696 3413 1770 3475 per·

376 3504 473 3568 missa
503 3504 742 3586 intelligantur:
798 3503 843 3567 Et
869 3524 954 3587 quae
984 3505 1066 3567 ratio
1097 3502 1177 3566 nihil
1207 3501 1304 3566 ualet.
1364 3503 1462 3579 Nam,
1489 3503 1579 3583 quod
1609 3501 1663 3566 isti
1693 3512 1770 3567 sunt

375 3616 522 3679 omnium
552 3615 672 3693 hostes,
696 3623 729 3678 et
758 3634 909 3697 prorsum
932 3610 984 3699 (ut
1011 3612 1147 3676 Plautus
1167 3607 1359 3697 loquitur¹²)
1386 3621 1524 3694 parcunt
1547 3612 1678 3691 nemini,
1701 3613 1770 3677 iure

374 3727 521 3790 omnium
547 3726 608 3789 frui
632 3723 682 3812 (ut
709 3723 794 3812 dixi)
820 3732 997 3808 nequeunt.
1054 3725 1132 3788 Non
1159 3733 1209 3788 est
1231 3723 1390 3806 quaestio,
1411 3722 1491 3804 quid
1514 3743 1590 3787 cum
1613 3723 1676 3788 illis
1699 3724 1769 3790 fieri

375 3838 485 3920 possit,
509 3837 609 3900 etiam
634 3845 667 3900 et
690 3837 769 3918 quid
793 3835 928 3900 fecerint
950 3835 1069 3918 plures,
1091 3835 1149 3898 sed
1172 3833 1251 3917 quid
1275 3853 1407 3897 necesse
1430 3833 1472 3897 sit
1496 3833 1572 3898 lieri.
1620 3833 1696 3898 Hoc
1718 3843 1769 3900 est

373 3949 430 4026 ius
446 3958 480 4012 et
501 3949 544 4012 de
566 3948 635 4012 iure
655 3947 831 4030 disputare,
848 3947 880 4011 id
904 3957 963 4026 est,
978 3947 1021 4011 de
1036 3945 1175 4019 uinculo,
1192 3966 1258 4029 quo
1280 3945 1533 4028 obstringimur:
1559 3955 1593 4010 et
1615 3946 1678 4011 hoc
1697 3948 1769 4011 uin·

375 4059 447 4124 culo
470 4080 536 4123 non
558 4059 792 4142 obstringimur
814 4059 893 4124 istis
938 4057 1055 4136 Addit,
1076 4079 1119 4122 ex
1144 4056 1305 4121 sententia
1327 4056 1521 4139 Triphonini
1545 4057 1769 4122 Iurisconsulti

375 4171 580 4254 perspicuum
596 4191 675 4249 esse,
692 4172 790 4234 etiam
808 4169 951 4236 latrones
966 4169 1043 4234 iuris
1058 4170 1207 4254 gentium
1223 4170 1487 4233 communionem
1502 4168 1633 4233 habere.
1680 4155 1769 4233 Nam

503 4340 511 4370 ¹
530 4341 583 4392 Bal.
597 4355 620 4404 3.
632 4357 699 4390 cons.
713 4338 753 4406 96
872 4338 883 4370 ¹
897 4339 918 4391 l.
930 4338 1040 4402 63.ad1.
1053 4339 1120 4389 Falo
1133 4341 1179 4402 (D.
1192 4352 1231 4403 35.
1245 4341 1279 4402 a).
1394 4339 1404 4369 ⁸
1422 4337 1477 4390 Flo.
1488 4338 1533 4388 lib.
1546 4352 1568 4401 3.
1581 4355 1602 4388 c.
1614 4339 1638 4389 6.

438 4423 448 4452 ⁴
465 4423 528 4474 Hot.
540 4424 603 4474 Inst.
613 4423 645 4474 de
656 4423 693 4474 Iu.
706 4423 766 4473 Nat.
919 4423 929 4451 ⁶
947 4423 993 4472 Pli.
1004 4423 1048 4473 lib.
1063 4437 1084 4473 2.
1096 4438 1117 4473 c.
1128 4423 1175 4486 4⁶;
1193 4421 1247 4472 Cic.
1260 4435 1274 4486 5
1287 4423 1358 4473 Verr.
1370 4439 1391 4472 c.
1405 4435 1444 4484 30,
1456 4428 1480 4471 et
1493 4436 1515 4485 3.
1527 4421 1558 4470 de
1570 4419 1619 4470 Off.
1631 4436 1652 4471 r„
1666 4435 1703 4486 ²9·

536 4506 546 4536 ¹
563 4505 616 4554 Bal.
628 4505 645 4557 l.
658 4522 681 4569 4.
691 4506 721 4556 C.
731 4505 762 4564 de
773 4507 814 4558 ob.
826 4523 866 4572 pa
880 4522 915 4571 pr.
928 4503 962 4569 (6.
975 4504 1010 4568 6.)
1023 4511 1048 4555 et
1062 4519 1073 4553 2
1087 4520 1154 4554 cons.
1167 4515 1219 4566 ²¹7·
1320 4502 1339 4541 ·'
1358 4503 1411 4553 Liu.
1423 4503 1466 4553 lib.
1481 4517 1519 4566 ³4
1531 4517 1552 4551 c.
1567 4515 1604 4552 21.

422 4588 432 4616 ¹
449 4591 515 4658 App.
528 4588 872 4721 Mithr.ct.lrp19·tetlrlciu.e.
886 4602 941 4639 120.
1026 4588 1037 4618 l
1053 4587 1202 4720 Tzoghrtn.
1215 4599 1289 4716 qbn.
1379 4586 1398 4616 ¹⁰
1416 4586 1500 4634 Helio.
1512 4585 1629 4650 Aethiop.
1642 4583 1684 4634 lib.
1699 4599 1720 4632 r.

698 4687 752 4722 o.r
774 4708 780 4721 .
792 4688 816 4738 q.
830 4683 852 4735 7.
1153 4685 1209 4718 ans.
1231 4685 1239 4716 1
1259 4706 1264 4718 .
1280 4683 1300 4717 2.
1312 4683 1331 4716 s.
1343 4684 1365 4718 v.
1378 4683 1498 4732 prorsum.

372 4779 835 4794 ψει-ψ
888 4782 895 4786 -
913 4781 987 4786 -..--
1006 4777 1187 4785 ---·—----
1198 4777 1365 4784 -----—-—---
1415 4777 1427 4782 -
1450 4773 1765 4784 —--.-———-.
