4456 5566
730 701 791 754 DE
819 701 923 756 IURE
950 703 1085 773 BELLI,
1114 703 1242 774 LlB.l‚
1273 703 1361 760 CAP.
1383 704 1439 759 IX.
1738 707 1797 790 37,

388 943 523 1023 animae,
548 945 609 1008 nisi
635 965 719 1009 unus
743 945 856 1024 Deus3
887 947 944 1029 qui
970 967 1055 1011 unus
1081 947 1226 1012 animam
1253 955 1364 1029 potest
1394 945 1541 1030 perdere.
1594 943 1688 1010 Scis?
1732 944 1783 1010 At

387 1055 462 1119 audi
480 1053 588 1120 adhuc
611 1076 723 1122 unum.
768 1057 919 1123 Libertas
941 1059 1089 1143 religioni
1111 1058 1259 1124 debetur.
1305 1057 1504 1141 Coniugium
1526 1057 1695 1140 quoddam
1718 1056 1783 1121 Dei

388 1175 420 1232 et
443 1164 588 1231 hominis
605 1177 656 1232 est
680 1169 801 1251 religio.
842 1169 879 1235 Si
901 1170 1002 1253 igitur
1019 1170 1171 1252 coniugio
1194 1169 1289 1235 alteri
1311 1170 1417 1235 carnis
1440 1169 1574 1234 libertas
1597 1168 1784 1234 defenditur

387 1277 559 1357 obstinate,
575 1279 675 1343 etiam
690 1280 765 1344 huic
781 1280 931 1363 coniugio
947 1281 1078 1364 spiritus
1093 1282 1256 1346 tribuatur
1268 1282 1413 1346 libertas.

430 1388 498 1454 Sed
513 1390 599 1455 hanc
610 1393 817 1468 sententiam,
828 1393 871 1457 de
884 1392 972 1457 bello
987 1401 1122 1476 propter
1133 1392 1324 1476 religionem
1340 1413 1406 1456 non
1423 1394 1597 1470 mouendo,
1608 1392 1784 1476 probatam

387 1500 545 1580 omnibus,
568 1503 700 1567 nemine
724 1513 876 1586 excepto,
898 1512 1038 1568 testatur
1059 1504 1269 1569 doctissimus
1293 1525 1315 1568 a
1336 1503 1484 1568 Victoria
1494 1501 1515 1566 ¹.
1561 1503 1607 1567 Et
1633 1523 1783 1568 caussam

388 1610 483 1676 istam
499 1632 565 1676 non
580 1613 699 1678 iustam
716 1615 815 1679 luisse
832 1615 991 1697 Hispanis
1006 1615 1071 1679 suis
1087 1625 1202 1680 contra
1218 1615 1331 1680 Indos.
1372 1615 1520 1679 Didacus
1535 1636 1555 1679 a
1572 1614 1785 1694 Couarruuia,

387 1721 500 1787 itidem
525 1723 696 1808 Hispanus
717 1727 775 1802 uir,
794 1735 828 1790 et
850 1725 1060 1791 doctissimus
1082 1726 1336 1806 iurisconsultus,
1358 1725 1508 1790 nominat
1530 1726 1726 1805 canonistas,
1750 1735 1784 1790 et

388 1831 559 1917 theologos
579 1835 695 1919 plures,
715 1838 770 1921 qui
788 1837 877 1902 idem
895 1836 958 1903 hoc
977 1839 1098 1904 docent
1107 1837 1129 1902 2.
1177 1839 1222 1902 Et
1242 1837 1366 1902 Baldus
1384 1837 1496 1903 docuit
1513 1858 1644 1921 quoque
1662 1839 1705 1902 de
1728 1838 1783 1902 In·

389 1946 547 2024 nocentio,
570 1966 637 2011 non
664 1947 789 2013 licitum
816 1969 888 2013 esse
913 1949 1037 2014 bellum
1062 1958 1176 2015 contra
1200 1948 1360 2026 infideles,
1384 1948 1556 2014 nobiscum
1579 1949 1728 2014 uiuentes
1749 1949 1783 2012 in

389 2077 476 2140 pace,
493 2077 558 2121 non
575 2058 670 2122 nobis
685 2059 819 2124 iniurios
828 2059 851 2122 ³.
886 2060 1033 2126 Didacus
1049 2069 1081 2126 et
1098 2061 1168 2143 ipse
1181 2061 1281 2126 etiam
1293 2058 1356 2124 hac
1368 2068 1449 2124 stat:
1474 2080 1539 2123 non
1551 2069 1651 2142 negat
1663 2069 1785 2138 tamen,

389 2177 472 2232 stare
487 2171 651 2251 quosdam
666 2170 699 2234 in
715 2171 885 2246 contrariis
901 2172 1056 2254 partibus,
1072 2172 1173 2237 etiam
1187 2171 1404 2254 Aquinatem.
1442 2168 1599 2235 Ceterum
1615 2179 1648 2234 et
1664 2171 1784 2236 refutat

388 2281 524 2346 aliorum
547 2283 718 2366 opiniones
740 2283 956 2366 rationesque.
1000 2284 1054 2349 De
1071 2282 1243 2349 haereticis
1261 2283 1362 2347 etiam
1384 2281 1473 2346 bello
1491 2281 1688 2360 ulciscendis
1706 2303 1786 2346 sane

389 2393 560 2458 decreuere
582 2393 736 2458 Toletani
759 2403 887 2478 patres:
915 2405 948 2458 et
967 2404 1017 2460 est
1035 2394 1175 2460 relatum
1194 2395 1227 2459 in
1251 2395 1300 2458 ius
1319 2394 1512 2460 canonicum
1522 2391 1544 2454 ⁴.
1591 2393 1636 2457 Et
1661 2393 1785 2458 Baldus

389 2503 491 2587 inquit
507 2526 580 2570 esse
595 2515 729 2584 certum,
745 2506 859 2571 hostes
874 2506 959 2585 fidei,
976 2508 1009 2572 id
1025 2516 1085 2586 est,
1101 2507 1265 2582 ecclesiae,
1282 2506 1475 2589 depraedari
1491 2526 1588 2588 posse
1597 2505 1618 2569 ⁵.
1655 2504 1785 2570 Tamen

389 2635 446 2681 uec
463 2617 552 2680 bono
569 2626 765 2700 argumento
783 2617 894 2682 firmat
911 2617 992 2681 illud
1011 2628 1156 2682 certum:
1181 2628 1215 2683 et
1233 2617 1330 2682 ualde
1347 2617 1538 2682 dubitanter
1552 2616 1644 2681 illam
1662 2618 1784 2683 attexit

389 2727 699 2812 interpretationem.
746 2729 795 2794 Ut
821 2738 872 2794 est
894 2750 973 2794 sane
995 2750 1062 2793 non
1085 2728 1310 2794 definiendum
1332 2728 1535 2813 generaliter,
1553 2728 1630 2793 fidei
1653 2728 1783 2794 hostem

389 2861 461 2904 eum
487 2861 567 2919 esse,
593 2841 649 2924 qui
675 2840 832 2906 ecclesiae
854 2840 959 2906 hostis
986 2842 1037 2905 sit.
1083 2840 1171 2924 Quia
1193 2840 1330 2907 ecclesia
1351 2839 1436 2924 gerit
1457 2839 1545 2905 bella
1565 2841 1696 2922 saepius
1718 2861 1783 2905 non

388 2971 447 3033 pro
469 2951 633 3034 religione,
651 2973 689 3016 ac
708 2951 783 3031 fide,
800 2952 859 3017 sed
877 2972 937 3035 pro
955 2952 1006 3016 his
1024 2952 1130 3031 rebus,
1144 2973 1227 3036 quas
1245 2950 1445 3035 temporales
1467 2950 1645 3034 appellant.
1689 2951 1784 3015 Alibi

389 3071 422 3126 et
439 3073 552 3128 contra
569 3063 759 3142 haereticos,
777 3073 810 3128 et
826 3058 901 3150 (sibi
917 3061 1109 3151 contrarius)
1124 3073 1237 3130 contra
1260 3063 1410 3129 infideles
1431 3062 1490 3128 dat
1512 3063 1637 3127 bellum
1660 3063 1784 3127 Baldus

390 3173 448 3240 hac
467 3173 602 3254 ratione,
617 3175 772 3258 quoniam
790 3185 909 3240 uacant
927 3195 1028 3258 regna
1046 3186 1181 3259 propter
1198 3175 1368 3254 haeresim,
1386 3184 1419 3240 et
1437 3173 1684 3239 infidelitatem:
1708 3195 1783 3239 cum

390 3305 452 3349 non
471 3285 513 3350 sit
530 3285 685 3352 haeretici
703 3296 737 3350 et
759 3286 899 3350 infidelis
917 3287 1097 3352 iurisdictio
1115 3307 1211 3351 uera:
1235 3307 1307 3351 esse
1324 3295 1436 3350 autem
1453 3285 1657 3368 impossibile
1674 3286 1784 3350 uiuere

388 3396 512 3480 absque
541 3397 734 3480 magistratu
764 3409 797 3462 et
831 3397 1070 3462 iurisdictione:
1112 3418 1189 3461 nam
1218 3397 1299 3461 haec
1330 3417 1402 3460 esse
1431 3396 1474 3460 de
1504 3397 1572 3459 iure
1601 3394 1749 3479 gentium
1759 3395 1781 3456 ⁶.

390 3507 484 3590 Quae
500 3508 582 3573 ratio
597 3518 647 3573 est
663 3507 768 3573 multo
783 3509 981 3572 inanissima.
1016 3508 1090 3571 Imo
1105 3508 1193 3572 enim
1211 3508 1303 3571 Deus
1317 3507 1433 3572 asserit
1447 3505 1499 3570 his
1513 3505 1752 3570 iurisdictiones
1760 3506 1782 3571 ⁷.

391 3618 457 3685 Sed
473 3640 552 3684 uero
566 3629 642 3684 sunt
657 3619 787 3703 aliaque
802 3620 892 3685 dicta
909 3620 942 3682 in
960 3619 1020 3684 has
1038 3628 1155 3702 partes,
1178 3639 1263 3700 quae
1281 3638 1356 3682 cum
1374 3617 1488 3701 primis
1505 3615 1568 3680 illis
1586 3615 1783 3695 doctoribus,

391 3740 423 3795 et
439 3731 647 3814 generalibus
665 3752 778 3796 eorum
797 3731 976 3796 rationibus
994 3739 1153 3814 pugnant.
1196 3729 1265 3794 Sed
1283 3749 1346 3812 ego
1364 3728 1621 3811 disputationem
1636 3727 1783 3792 nondum

392 3842 494 3910 mitto.
539 3843 728 3908 ‘Aduersus
749 3844 923 3910 barbaram
946 3842 1136 3926 religionem
1159 3841 1330 3906 nobiscum
1348 3841 1391 3904 ad
1410 3839 1665 3903 internecionem
1682 3838 1785 3904 bella·

392 3957 483 4019 ‘tum
495 3952 517 4020 ι’
540 3955 717 4020 Christiani
732 3955 824 4020 aiunt
839 3955 882 4019 de
898 3951 1123 4019 Saracenica⁸.
1161 3953 1207 4017 Et
1223 3953 1408 4017 Bernardus
1424 3971 1561 4016 mouens
1576 3951 1784 4015 Ludouicum

393 4064 569 4131 Galliarum
593 4068 626 4131 in
651 4067 779 4145 Asiam,
800 4066 893 4130 ‘Tibi
915 4067 981 4130 ulla
1003 4065 1082 4130 belli
1104 4065 1218 4129 iustior
1239 4085 1363 4143 caussa,
1386 4083 1487 4146 quam
1507 4082 1592 4145 quae
1610 4059 1785 4127 sanctiori*

423 4331 432 4361 ¹
448 4335 513 4386 Vict.
524 4334 619 4385 Relect.
632 4346 655 4397 5.
669 4347 706 4384 10.
823 4333 834 4362 ¹
851 4334 943 4384 Couar.
954 4333 1017 4398 Reg.
1029 4333 1085 4384 Pec.
1097 4349 1122 4398 p.
1136 4347 1157 4382 2.
1171 4337 1184 4392 ξ
1199 4346 1237 4382 ιο.
1346 4331 1356 4362 ¹
1373 4331 1427 4383 Bal.
1438 4331 1455 4383 l.
1468 4345 1491 4395 5.
1506 4330 1538 4380 de
1548 4330 1605 4380 lust.
1617 4330 1664 4394 (D.
1679 4343 1700 4378 1.
1715 4329 1749 4392 ι).

454 4416 464 4446 ⁴
480 4432 498 4467 c.
515 4429 553 4479 13.
564 4417 595 4467 de
606 4414 674 4468 haer.
681 4435 688 4475 ;
705 4432 727 4466 c.
739 4427 763 4479 5.
774 4415 830 4466 dist.
842 4429 882 4479 45.
1035 4414 1046 4444 ⁸
1062 4413 1116 4464 Bal.
1128 4430 1152 4478 4.
1164 4429 1232 4464 cons.
1247 4427 1300 4477 140.
1452 4413 1463 4442 ⁰
1479 4411 1534 4462 Bal.
1547 4427 1569 4475 3.
1581 4427 1649 4462 cons.
1661 4425 1717 4474 439.

551 4497 561 4528 ²
580 4514 590 4548 1
605 4499 659 4548 Pet.
673 4512 701 4556 2;
719 4497 788 4549 Paul.
801 4498 834 4547 ad
844 4498 891 4549 Ro.
907 4511 950 4560 13:
968 4499 1023 4548 Ber.
1034 4497 1065 4547 de
1077 4497 1125 4546 Ad.
1138 4497 1189 4547 Ser.
1202 4511 1225 4560 3.
1410 4493 1420 4523 ⁸
1437 4495 1464 4546 P.
1477 4495 1549 4543 Aem.
1564 4506 1584 4541 2.
1597 4507 1619 4554 5.
