<?xml version="1.0" encoding="UTF-8"?>
<!DOCTYPE html PUBLIC "-//W3C//DTD XHTML 1.0 Transitional//EN"
    "http://www.w3.org/TR/xhtml1/DTD/xhtml1-transitional.dtd">
<html xmlns="http://www.w3.org/1999/xhtml" xml:lang="en" lang="en">
 <head>
  <title>
</title>
<meta http-equiv="Content-Type" content="text/html;charset=utf-8" />
  <meta name='ocr-system' content='tesseract 3.04.00' />
  <meta name='ocr-capabilities' content='ocr_page ocr_carea ocr_par ocr_line ocrx_word'/>
</head>
<body>
  <div class='ocr_page' id='page_1' title='image "albericigentili01gentgoog_0084.png"; bbox 0 0 4456 5566; ppageno 0'>
   <div class='ocr_carea' id='block_1_1' title="bbox 727 700 1789 777">
    <p class='ocr_par' dir='ltr' id='par_1_1' title="bbox 727 700 1789 777">
     <span class='ocr_line' id='line_1_1' title="bbox 727 700 1789 777; baseline 0.003 -23"><span class='ocrx_word' id='word_1_1' title='bbox 727 701 788 755; x_wconf 71' lang='lat' dir='ltr'>nc</span> <span class='ocrx_word' id='word_1_2' title='bbox 815 702 920 758; x_wconf 72' lang='lat' dir='ltr'>runa</span> <span class='ocrx_word' id='word_1_3' title='bbox 947 701 1082 770; x_wconf 72' lang='lat' dir='ltr'>nazar,</span> <span class='ocrx_word' id='word_1_4' title='bbox 1113 701 1240 770; x_wconf 75' lang='lat' dir='ltr'>arar,</span> <span class='ocrx_word' id='word_1_5' title='bbox 1273 700 1360 758; x_wconf 70' lang='lat' dir='ltr'>cnr.</span> <span class='ocrx_word' id='word_1_6' title='bbox 1383 703 1457 760; x_wconf 77' lang='lat' dir='ltr'>xrs.</span> <span class='ocrx_word' id='word_1_7' title='bbox 1750 707 1789 777; x_wconf 89' lang='lat'>51</span> 
     </span>
    </p>
   </div>
   <div class='ocr_carea' id='block_1_2' title="bbox 396 940 1795 1364">
    <p class='ocr_par' dir='ltr' id='par_1_2' title="bbox 396 940 1795 1364">
     <span class='ocr_line' id='line_1_2' title="bbox 398 940 1792 1028; baseline 0.004 -24"><span class='ocrx_word' id='word_1_8' title='bbox 398 941 441 1004; x_wconf 85' lang='lat' dir='ltr'>Et</span> <span class='ocrx_word' id='word_1_9' title='bbox 461 941 524 1005; x_wconf 93' lang='lat' dir='ltr'>hoc</span> <span class='ocrx_word' id='word_1_10' title='bbox 546 940 671 1006; x_wconf 90' lang='lat' dir='ltr'>bellum</span> <span class='ocrx_word' id='word_1_11' title='bbox 691 943 937 1010; x_wconf 88' lang='lat' dir='ltr'>adumbrauerit</span> <span class='ocrx_word' id='word_1_12' title='bbox 958 943 1135 1024; x_wconf 87' lang='lat' dir='ltr'>Homerus,</span> <span class='ocrx_word' id='word_1_13' title='bbox 1154 944 1235 1008; x_wconf 91' lang='lat' dir='ltr'>dum</span> <span class='ocrx_word' id='word_1_14' title='bbox 1258 943 1291 1006; x_wconf 92' lang='lat' dir='ltr'>in</span> <span class='ocrx_word' id='word_1_15' title='bbox 1309 943 1431 1008; x_wconf 87' lang='lat' dir='ltr'>Troiae</span> <span class='ocrx_word' id='word_1_16' title='bbox 1453 945 1580 1028; x_wconf 90' lang='lat' dir='ltr'>campis</span> <span class='ocrx_word' id='word_1_17' title='bbox 1602 966 1667 1011; x_wconf 93' lang='lat' dir='ltr'>non</span> <span class='ocrx_word' id='word_1_18' title='bbox 1685 946 1792 1012; x_wconf 91' lang='lat' dir='ltr'>solum</span> 
     </span>
     <span class='ocr_line' id='line_1_3' title="bbox 396 1051 1794 1142; baseline 0.004 -26"><span class='ocrx_word' id='word_1_19' title='bbox 396 1051 608 1117; x_wconf 85' lang='lat' dir='ltr'>Troianorum</span> <span class='ocrx_word' id='word_1_20' title='bbox 628 1064 661 1118; x_wconf 89' lang='lat' dir='ltr'>et</span> <span class='ocrx_word' id='word_1_21' title='bbox 680 1054 880 1120; x_wconf 91' lang='lat' dir='ltr'>Graecorum</span> <span class='ocrx_word' id='word_1_22' title='bbox 899 1076 1036 1140; x_wconf 86' lang='lat' dir='ltr'>pugnas,</span> <span class='ocrx_word' id='word_1_23' title='bbox 1055 1057 1112 1121; x_wconf 90' lang='lat' dir='ltr'>sed</span> <span class='ocrx_word' id='word_1_24' title='bbox 1132 1066 1166 1120; x_wconf 90' lang='lat' dir='ltr'>et</span> <span class='ocrx_word' id='word_1_25' title='bbox 1183 1077 1351 1139; x_wconf 88' lang='lat' dir='ltr'>aquamm,</span> <span class='ocrx_word' id='word_1_26' title='bbox 1370 1065 1404 1120; x_wconf 92' lang='lat' dir='ltr'>et</span> <span class='ocrx_word' id='word_1_27' title='bbox 1426 1055 1634 1122; x_wconf 88' lang='lat' dir='ltr'>flammamm</span> <span class='ocrx_word' id='word_1_28' title='bbox 1657 1058 1764 1142; x_wconf 85' lang='lat' dir='ltr'>pingit</span> <span class='ocrx_word' id='word_1_29' title='bbox 1772 1056 1794 1122; x_wconf 92' lang='lat'>¹.</span> 
     </span>
     <span class='ocr_line' id='line_1_4' title="bbox 398 1165 1795 1249; baseline 0.003 -21"><span class='ocrx_word' id='word_1_30' title='bbox 398 1165 440 1229; x_wconf 92' lang='lat' dir='ltr'>Et</span> <span class='ocrx_word' id='word_1_31' title='bbox 461 1166 504 1229; x_wconf 87' lang='lat' dir='ltr'>de</span> <span class='ocrx_word' id='word_1_32' title='bbox 525 1165 588 1230; x_wconf 91' lang='lat' dir='ltr'>hoc</span> <span class='ocrx_word' id='word_1_33' title='bbox 612 1166 835 1249; x_wconf 89' lang='lat' dir='ltr'>Empedocles</span> <span class='ocrx_word' id='word_1_34' title='bbox 857 1178 891 1232; x_wconf 91' lang='lat' dir='ltr'>et</span> <span class='ocrx_word' id='word_1_35' title='bbox 910 1167 1098 1232; x_wconf 87' lang='lat' dir='ltr'>Heraclitus</span> <span class='ocrx_word' id='word_1_36' title='bbox 1112 1167 1353 1232; x_wconf 88' lang='lat' dir='ltr'>disseruerunt:</span> <span class='ocrx_word' id='word_1_37' title='bbox 1378 1177 1558 1248; x_wconf 89' lang='lat' dir='ltr'>censentes,</span> <span class='ocrx_word' id='word_1_38' title='bbox 1573 1169 1698 1234; x_wconf 87' lang='lat' dir='ltr'>bellurn</span> <span class='ocrx_word' id='word_1_39' title='bbox 1721 1189 1795 1234; x_wconf 87' lang='lat' dir='ltr'>esse</span> 
     </span>
     <span class='ocr_line' id='line_1_5' title="bbox 397 1276 1794 1364; baseline 0.001 -24"><span class='ocrx_word' id='word_1_40' title='bbox 397 1276 540 1340; x_wconf 91' lang='lat' dir='ltr'>omnium</span> <span class='ocrx_word' id='word_1_41' title='bbox 567 1288 749 1359; x_wconf 87' lang='lat' dir='ltr'>parentem.</span> <span class='ocrx_word' id='word_1_42' title='bbox 789 1280 903 1362; x_wconf 92' lang='lat' dir='ltr'>itaque</span> <span class='ocrx_word' id='word_1_43' title='bbox 924 1279 1022 1345; x_wconf 88' lang='lat' dir='ltr'>amici</span> <span class='ocrx_word' id='word_1_44' title='bbox 1048 1279 1138 1362; x_wconf 88' lang='lat' dir='ltr'>pacis</span> <span class='ocrx_word' id='word_1_45' title='bbox 1158 1299 1224 1342; x_wconf 92' lang='lat' dir='ltr'>non</span> <span class='ocrx_word' id='word_1_46' title='bbox 1245 1278 1346 1343; x_wconf 86' lang='lat' dir='ltr'>luisse</span> <span class='ocrx_word' id='word_1_47' title='bbox 1365 1278 1501 1344; x_wconf 91' lang='lat' dir='ltr'>iudicati</span> <span class='ocrx_word' id='word_1_48' title='bbox 1520 1289 1598 1344; x_wconf 94' lang='lat' dir='ltr'>sunt</span> <span class='ocrx_word' id='word_1_49' title='bbox 1619 1302 1640 1344; x_wconf 97' lang='lat' dir='ltr'>a</span> <span class='ocrx_word' id='word_1_50' title='bbox 1661 1280 1762 1364; x_wconf 86' lang='lat' dir='ltr'>uulgo</span> <span class='ocrx_word' id='word_1_51' title='bbox 1770 1279 1794 1342; x_wconf 78' lang='lat'>².</span> 
     </span>
    </p>
   </div>
   <div class='ocr_carea' id='block_1_3' title="bbox 398 1384 1797 2699">
    <p class='ocr_par' dir='ltr' id='par_1_3' title="bbox 399 1384 1794 1920">
     <span class='ocr_line' id='line_1_6' title="bbox 399 1384 1794 1474; baseline 0.003 -24"><span class='ocrx_word' id='word_1_52' title='bbox 399 1387 496 1451; x_wconf 90' lang='lat' dir='ltr'>‘Non</span> <span class='ocrx_word' id='word_1_53' title='bbox 511 1384 623 1468; x_wconf 90' lang='lat' dir='ltr'>uides,’</span> <span class='ocrx_word' id='word_1_54' title='bbox 639 1389 745 1472; x_wconf 88' lang='lat' dir='ltr'>inquit</span> <span class='ocrx_word' id='word_1_55' title='bbox 762 1388 898 1468; x_wconf 83' lang='lat' dir='ltr'>Seneca,</span> <span class='ocrx_word' id='word_1_56' title='bbox 915 1393 1034 1473; x_wconf 88' lang='lat' dir='ltr'>‘quam</span> <span class='ocrx_word' id='word_1_57' title='bbox 1053 1389 1215 1454; x_wconf 89' lang='lat' dir='ltr'>contraria</span> <span class='ocrx_word' id='word_1_58' title='bbox 1233 1389 1318 1454; x_wconf 91' lang='lat' dir='ltr'>inter</span> <span class='ocrx_word' id='word_1_59' title='bbox 1337 1410 1373 1454; x_wconf 91' lang='lat' dir='ltr'>se</span> <span class='ocrx_word' id='word_1_60' title='bbox 1391 1389 1555 1456; x_wconf 88' lang='lat' dir='ltr'>elementa</span> <span class='ocrx_word' id='word_1_61' title='bbox 1573 1388 1661 1456; x_wconf 82' lang='lat' dir='ltr'>sint?</span> <span class='ocrx_word' id='word_1_62' title='bbox 1681 1393 1794 1474; x_wconf 85' lang='lat' dir='ltr'>grauia</span> 
     </span>
     <span class='ocr_line' id='line_1_7' title="bbox 399 1497 1794 1583; baseline 0.001 -21"><span class='ocrx_word' id='word_1_63' title='bbox 399 1502 452 1562; x_wconf 88' lang='lat' dir='ltr'>&#39;et</span> <span class='ocrx_word' id='word_1_64' title='bbox 480 1497 566 1562; x_wconf 92' lang='lat' dir='ltr'>leuia</span> <span class='ocrx_word' id='word_1_65' title='bbox 591 1508 687 1564; x_wconf 88' lang='lat' dir='ltr'>sunt:</span> <span class='ocrx_word' id='word_1_66' title='bbox 723 1499 841 1583; x_wconf 78' lang='lat' dir='ltr'>frigida</span> <span class='ocrx_word' id='word_1_67' title='bbox 870 1511 904 1565; x_wconf 89' lang='lat' dir='ltr'>et</span> <span class='ocrx_word' id='word_1_68' title='bbox 934 1501 1060 1566; x_wconf 90' lang='lat' dir='ltr'>calida:</span> <span class='ocrx_word' id='word_1_69' title='bbox 1095 1498 1233 1565; x_wconf 91' lang='lat' dir='ltr'>humida</span> <span class='ocrx_word' id='word_1_70' title='bbox 1260 1509 1293 1565; x_wconf 94' lang='lat' dir='ltr'>et</span> <span class='ocrx_word' id='word_1_71' title='bbox 1323 1501 1418 1566; x_wconf 90' lang='lat' dir='ltr'>sicca.</span> <span class='ocrx_word' id='word_1_72' title='bbox 1455 1511 1528 1566; x_wconf 89' lang='lat' dir='ltr'>tota</span> <span class='ocrx_word' id='word_1_73' title='bbox 1553 1501 1650 1566; x_wconf 91' lang='lat' dir='ltr'>huius</span> <span class='ocrx_word' id='word_1_74' title='bbox 1679 1503 1794 1566; x_wconf 91' lang='lat' dir='ltr'>mundi</span> 
     </span>
     <span class='ocr_line' id='line_1_8' title="bbox 399 1609 1794 1696; baseline 0.001 -22"><span class='ocrx_word' id='word_1_75' title='bbox 399 1610 592 1675; x_wconf 90' lang='lat' dir='ltr'>‘concordia</span> <span class='ocrx_word' id='word_1_76' title='bbox 612 1632 656 1674; x_wconf 85' lang='lat' dir='ltr'>ex</span> <span class='ocrx_word' id='word_1_77' title='bbox 675 1611 881 1676; x_wconf 89' lang='lat' dir='ltr'>discordibus</span> <span class='ocrx_word' id='word_1_78' title='bbox 901 1609 1073 1678; x_wconf 81' lang='lat' dir='ltr'>constat³.’</span> <span class='ocrx_word' id='word_1_79' title='bbox 1118 1613 1164 1677; x_wconf 91' lang='lat' dir='ltr'>Et</span> <span class='ocrx_word' id='word_1_80' title='bbox 1184 1613 1266 1677; x_wconf 89' lang='lat' dir='ltr'>haec</span> <span class='ocrx_word' id='word_1_81' title='bbox 1287 1614 1404 1676; x_wconf 87' lang='lat' dir='ltr'>eadem</span> <span class='ocrx_word' id='word_1_82' title='bbox 1422 1611 1509 1678; x_wconf 73' lang='lat' dir='ltr'>altit</span> <span class='ocrx_word' id='word_1_83' title='bbox 1555 1614 1601 1676; x_wconf 88' lang='lat' dir='ltr'>Et</span> <span class='ocrx_word' id='word_1_84' title='bbox 1619 1634 1696 1678; x_wconf 88' lang='lat' dir='ltr'>ecce</span> <span class='ocrx_word' id='word_1_85' title='bbox 1713 1635 1794 1696; x_wconf 93' lang='lat' dir='ltr'>quo·</span> 
     </span>
     <span class='ocr_line' id='line_1_9' title="bbox 399 1725 1794 1810; baseline 0.001 -24"><span class='ocrx_word' id='word_1_86' title='bbox 399 1743 460 1805; x_wconf 90' lang='lat' dir='ltr'>que</span> <span class='ocrx_word' id='word_1_87' title='bbox 481 1744 589 1788; x_wconf 88' lang='lat' dir='ltr'>rerum</span> <span class='ocrx_word' id='word_1_88' title='bbox 612 1725 759 1803; x_wconf 90' lang='lat' dir='ltr'>aliarum,</span> <span class='ocrx_word' id='word_1_89' title='bbox 777 1725 907 1790; x_wconf 92' lang='lat' dir='ltr'>animae</span> <span class='ocrx_word' id='word_1_90' title='bbox 929 1727 1117 1809; x_wconf 89' lang='lat' dir='ltr'>expertium</span> <span class='ocrx_word' id='word_1_91' title='bbox 1136 1735 1170 1790; x_wconf 89' lang='lat' dir='ltr'>et</span> <span class='ocrx_word' id='word_1_92' title='bbox 1192 1725 1420 1805; x_wconf 92' lang='lat' dir='ltr'>animantium,</span> <span class='ocrx_word' id='word_1_93' title='bbox 1443 1726 1590 1789; x_wconf 89' lang='lat' dir='ltr'>omnium</span> <span class='ocrx_word' id='word_1_94' title='bbox 1619 1727 1794 1810; x_wconf 89' lang='lat' dir='ltr'>multiplex</span> 
     </span>
     <span class='ocr_line' id='line_1_10' title="bbox 400 1836 1678 1920; baseline 0.003 -22"><span class='ocrx_word' id='word_1_95' title='bbox 400 1836 621 1918; x_wconf 84' lang='lat' dir='ltr'>repugnantia.</span> <span class='ocrx_word' id='word_1_96' title='bbox 643 1846 682 1900; x_wconf 94' lang='lat' dir='ltr'>ut</span> <span class='ocrx_word' id='word_1_97' title='bbox 703 1837 749 1900; x_wconf 89' lang='lat' dir='ltr'>sic</span> <span class='ocrx_word' id='word_1_98' title='bbox 772 1836 897 1901; x_wconf 90' lang='lat' dir='ltr'>Plinius</span> <span class='ocrx_word' id='word_1_99' title='bbox 917 1837 1018 1916; x_wconf 84' lang='lat' dir='ltr'>effert,</span> <span class='ocrx_word' id='word_1_100' title='bbox 1037 1858 1136 1920; x_wconf 91' lang='lat' dir='ltr'>quam</span> <span class='ocrx_word' id='word_1_101' title='bbox 1160 1837 1275 1902; x_wconf 85' lang='lat' dir='ltr'>dicunt</span> <span class='ocrx_word' id='word_1_102' title='bbox 1292 1836 1409 1901; x_wconf 88' lang='lat' dir='ltr'>Graeci</span> <span class='ocrx_word' id='word_1_103' title='bbox 1428 1837 1646 1920; x_wconf 89' lang='lat' dir='ltr'>antipathiam</span> <span class='ocrx_word' id='word_1_104' title='bbox 1656 1837 1678 1902; x_wconf 84' lang='lat'>⁵.</span> 
     </span>
    </p>

    <p class='ocr_par' dir='ltr' id='par_1_4' title="bbox 398 1947 1797 2699">
     <span class='ocr_line' id='line_1_11' title="bbox 441 1947 1795 2028; baseline 0.002 -18"><span class='ocrx_word' id='word_1_105' title='bbox 441 1947 509 2010; x_wconf 88' lang='lat' dir='ltr'>Sed</span> <span class='ocrx_word' id='word_1_106' title='bbox 521 1967 598 2012; x_wconf 88' lang='lat' dir='ltr'>ecce</span> <span class='ocrx_word' id='word_1_107' title='bbox 613 1947 770 2028; x_wconf 90' lang='lat' dir='ltr'>naturale,</span> <span class='ocrx_word' id='word_1_108' title='bbox 782 1959 818 2013; x_wconf 92' lang='lat' dir='ltr'>ut</span> <span class='ocrx_word' id='word_1_109' title='bbox 830 1948 1026 2014; x_wconf 88' lang='lat' dir='ltr'>dissentiant</span> <span class='ocrx_word' id='word_1_110' title='bbox 1040 1948 1210 2012; x_wconf 90' lang='lat' dir='ltr'>homines:</span> <span class='ocrx_word' id='word_1_111' title='bbox 1227 1957 1261 2012; x_wconf 90' lang='lat' dir='ltr'>et</span> <span class='ocrx_word' id='word_1_112' title='bbox 1276 1948 1352 2012; x_wconf 92' lang='lat' dir='ltr'>hinc</span> <span class='ocrx_word' id='word_1_113' title='bbox 1367 1948 1481 2014; x_wconf 69' lang='lat' dir='ltr'>bellass.</span> <span class='ocrx_word' id='word_1_114' title='bbox 1506 1949 1552 2013; x_wconf 91' lang='lat' dir='ltr'>Et</span> <span class='ocrx_word' id='word_1_115' title='bbox 1564 1969 1640 2013; x_wconf 91' lang='lat' dir='ltr'>ecce</span> <span class='ocrx_word' id='word_1_116' title='bbox 1653 1949 1795 2014; x_wconf 89' lang='lat' dir='ltr'>Graecos</span> 
     </span>
     <span class='ocr_line' id='line_1_12' title="bbox 398 2057 1796 2142; baseline 0.003 -21"><span class='ocrx_word' id='word_1_117' title='bbox 398 2078 417 2121; x_wconf 91' lang='lat' dir='ltr'>a</span> <span class='ocrx_word' id='word_1_118' title='bbox 431 2057 577 2122; x_wconf 89' lang='lat' dir='ltr'>barbaris</span> <span class='ocrx_word' id='word_1_119' title='bbox 591 2057 734 2124; x_wconf 89' lang='lat' dir='ltr'>alienos:</span> <span class='ocrx_word' id='word_1_120' title='bbox 756 2059 929 2125; x_wconf 88' lang='lat' dir='ltr'>Hebraeos</span> <span class='ocrx_word' id='word_1_121' title='bbox 940 2081 961 2124; x_wconf 91' lang='lat' dir='ltr'>a</span> <span class='ocrx_word' id='word_1_122' title='bbox 975 2059 1171 2124; x_wconf 84' lang='lat' dir='ltr'>mortalibus</span> <span class='ocrx_word' id='word_1_123' title='bbox 1182 2059 1345 2142; x_wconf 82' lang='lat' dir='ltr'>reliquis⁷.</span> <span class='ocrx_word' id='word_1_124' title='bbox 1376 2058 1469 2124; x_wconf 89' lang='lat' dir='ltr'>Audi</span> <span class='ocrx_word' id='word_1_125' title='bbox 1482 2059 1670 2142; x_wconf 91' lang='lat' dir='ltr'>Philippum</span> <span class='ocrx_word' id='word_1_126' title='bbox 1684 2060 1796 2125; x_wconf 90' lang='lat' dir='ltr'>Mace·</span> 
     </span>
     <span class='ocr_line' id='line_1_13' title="bbox 399 2169 1797 2253; baseline 0.001 -21"><span class='ocrx_word' id='word_1_127' title='bbox 399 2169 515 2233; x_wconf 89' lang='lat' dir='ltr'>doniae</span> <span class='ocrx_word' id='word_1_128' title='bbox 544 2189 665 2252; x_wconf 82' lang='lat' dir='ltr'>regem,</span> <span class='ocrx_word' id='word_1_129' title='bbox 691 2170 797 2234; x_wconf 92' lang='lat' dir='ltr'>‘Cum</span> <span class='ocrx_word' id='word_1_130' title='bbox 827 2170 1020 2253; x_wconf 86' lang='lat' dir='ltr'>alienigenis</span> <span class='ocrx_word' id='word_1_131' title='bbox 1047 2179 1080 2234; x_wconf 90' lang='lat' dir='ltr'>et</span> <span class='ocrx_word' id='word_1_132' title='bbox 1106 2170 1254 2234; x_wconf 90' lang='lat' dir='ltr'>barbaris</span> <span class='ocrx_word' id='word_1_133' title='bbox 1283 2179 1454 2233; x_wconf 89' lang='lat' dir='ltr'>aeternum</span> <span class='ocrx_word' id='word_1_134' title='bbox 1482 2171 1635 2234; x_wconf 92' lang='lat' dir='ltr'>omnibus</span> <span class='ocrx_word' id='word_1_135' title='bbox 1662 2169 1797 2236; x_wconf 90' lang='lat' dir='ltr'>Graecis</span> 
     </span>
     <span class='ocr_line' id='line_1_14' title="bbox 400 2280 1796 2366; baseline 0.001 -21"><span class='ocrx_word' id='word_1_136' title='bbox 400 2280 547 2346; x_wconf 86' lang='lat' dir='ltr'>‘bellum</span> <span class='ocrx_word' id='word_1_137' title='bbox 569 2291 626 2360; x_wconf 90' lang='lat' dir='ltr'>est,</span> <span class='ocrx_word' id='word_1_138' title='bbox 645 2282 790 2365; x_wconf 89' lang='lat' dir='ltr'>eritque:</span> <span class='ocrx_word' id='word_1_139' title='bbox 821 2293 938 2347; x_wconf 89' lang='lat' dir='ltr'>natura</span> <span class='ocrx_word' id='word_1_140' title='bbox 958 2283 1055 2361; x_wconf 89' lang='lat' dir='ltr'>enim,</span> <span class='ocrx_word' id='word_1_141' title='bbox 1073 2302 1159 2366; x_wconf 90' lang='lat' dir='ltr'>quae</span> <span class='ocrx_word' id='word_1_142' title='bbox 1179 2291 1339 2364; x_wconf 88' lang='lat' dir='ltr'>perpetua</span> <span class='ocrx_word' id='word_1_143' title='bbox 1362 2291 1421 2359; x_wconf 87' lang='lat' dir='ltr'>est,</span> <span class='ocrx_word' id='word_1_144' title='bbox 1440 2301 1505 2345; x_wconf 92' lang='lat' dir='ltr'>non</span> <span class='ocrx_word' id='word_1_145' title='bbox 1529 2281 1743 2347; x_wconf 89' lang='lat' dir='ltr'>mutabilibus</span> <span class='ocrx_word' id='word_1_146' title='bbox 1763 2283 1796 2346; x_wconf 90' lang='lat' dir='ltr'>in</span> 
     </span>
     <span class='ocr_line' id='line_1_15' title="bbox 401 2391 1796 2486; baseline 0 -30"><span class='ocrx_word' id='word_1_147' title='bbox 401 2392 510 2486; x_wconf 81' lang='lat' dir='ltr'>‘diem</span> <span class='ocrx_word' id='word_1_148' title='bbox 533 2393 664 2471; x_wconf 86' lang='lat' dir='ltr'>caussis,</span> <span class='ocrx_word' id='word_1_149' title='bbox 679 2391 794 2457; x_wconf 89' lang='lat' dir='ltr'>hostes</span> <span class='ocrx_word' id='word_1_150' title='bbox 809 2391 925 2458; x_wconf 77' lang='lat' dir='ltr'>sunt⁸.’</span> <span class='ocrx_word' id='word_1_151' title='bbox 972 2392 1028 2458; x_wconf 90' lang='lat' dir='ltr'>Sic</span> <span class='ocrx_word' id='word_1_152' title='bbox 1051 2391 1147 2457; x_wconf 90' lang='lat' dir='ltr'>Plato</span> <span class='ocrx_word' id='word_1_153' title='bbox 1169 2393 1225 2470; x_wconf 91' lang='lat' dir='ltr'>ait,</span> <span class='ocrx_word' id='word_1_154' title='bbox 1243 2413 1263 2456; x_wconf 89' lang='lat' dir='ltr'>a</span> <span class='ocrx_word' id='word_1_155' title='bbox 1282 2400 1398 2455; x_wconf 88' lang='lat' dir='ltr'>natura</span> <span class='ocrx_word' id='word_1_156' title='bbox 1420 2391 1555 2457; x_wconf 89' lang='lat' dir='ltr'>Graecis</span> <span class='ocrx_word' id='word_1_157' title='bbox 1572 2392 1697 2456; x_wconf 92' lang='lat' dir='ltr'>bellum</span> <span class='ocrx_word' id='word_1_158' title='bbox 1721 2413 1796 2457; x_wconf 92' lang='lat' dir='ltr'>cum</span> 
     </span>
     <span class='ocr_line' id='line_1_16' title="bbox 400 2501 1797 2586; baseline 0.002 -20"><span class='ocrx_word' id='word_1_159' title='bbox 400 2502 544 2567; x_wconf 89' lang='lat' dir='ltr'>barbaris</span> <span class='ocrx_word' id='word_1_160' title='bbox 553 2504 574 2568; x_wconf 80' lang='lat'>⁹.</span> <span class='ocrx_word' id='word_1_161' title='bbox 618 2501 711 2567; x_wconf 91' lang='lat' dir='ltr'>Audi</span> <span class='ocrx_word' id='word_1_162' title='bbox 730 2505 919 2583; x_wconf 88' lang='lat' dir='ltr'>Isocratem,</span> <span class='ocrx_word' id='word_1_163' title='bbox 940 2504 1093 2568; x_wconf 89' lang='lat' dir='ltr'>‘Barbari</span> <span class='ocrx_word' id='word_1_164' title='bbox 1113 2513 1228 2568; x_wconf 91' lang='lat' dir='ltr'>natura</span> <span class='ocrx_word' id='word_1_165' title='bbox 1248 2502 1343 2567; x_wconf 90' lang='lat' dir='ltr'>nobis</span> <span class='ocrx_word' id='word_1_166' title='bbox 1360 2502 1493 2567; x_wconf 90' lang='lat' dir='ltr'>hostes:</span> <span class='ocrx_word' id='word_1_167' title='bbox 1517 2513 1551 2568; x_wconf 88' lang='lat' dir='ltr'>et</span> <span class='ocrx_word' id='word_1_168' title='bbox 1568 2515 1729 2586; x_wconf 91' lang='lat' dir='ltr'>perpetuo</span> <span class='ocrx_word' id='word_1_169' title='bbox 1747 2505 1797 2569; x_wconf 92' lang='lat' dir='ltr'>in·</span> 
     </span>
     <span class='ocr_line' id='line_1_17' title="bbox 400 2612 1797 2699; baseline 0.001 -22"><span class='ocrx_word' id='word_1_170' title='bbox 400 2614 587 2679; x_wconf 79' lang='lat' dir='ltr'>‘sidlantun</span> <span class='ocrx_word' id='word_1_171' title='bbox 633 2615 679 2678; x_wconf 90' lang='lat' dir='ltr'>Et</span> <span class='ocrx_word' id='word_1_172' title='bbox 703 2635 762 2678; x_wconf 92' lang='lat' dir='ltr'>nos</span> <span class='ocrx_word' id='word_1_173' title='bbox 786 2625 904 2680; x_wconf 89' lang='lat' dir='ltr'>natura</span> <span class='ocrx_word' id='word_1_174' title='bbox 926 2616 972 2680; x_wconf 93' lang='lat' dir='ltr'>sic</span> <span class='ocrx_word' id='word_1_175' title='bbox 995 2615 1069 2679; x_wconf 93' lang='lat' dir='ltr'>illos</span> <span class='ocrx_word' id='word_1_176' title='bbox 1087 2615 1227 2694; x_wconf 90' lang='lat' dir='ltr'>odimus,</span> <span class='ocrx_word' id='word_1_177' title='bbox 1242 2623 1279 2678; x_wconf 91' lang='lat' dir='ltr'>ut</span> <span class='ocrx_word' id='word_1_178' title='bbox 1297 2612 1396 2677; x_wconf 92' lang='lat' dir='ltr'>nullis</span> <span class='ocrx_word' id='word_1_179' title='bbox 1410 2613 1530 2678; x_wconf 82' lang='lat' dir='ltr'>fabulis</span> <span class='ocrx_word' id='word_1_180' title='bbox 1549 2617 1655 2699; x_wconf 85' lang='lat' dir='ltr'>magis</span> <span class='ocrx_word' id='word_1_181' title='bbox 1672 2615 1797 2698; x_wconf 86' lang='lat' dir='ltr'>gaude·</span> 
     </span>
    </p>
   </div>
   <div class='ocr_carea' id='block_1_4' title="bbox 304 2725 1797 2811">
    <p class='ocr_par' dir='ltr' id='par_1_5' title="bbox 304 2725 1797 2811">
     <span class='ocr_line' id='line_1_18' title="bbox 304 2725 1797 2811; baseline -0.001 -21"><span class='ocrx_word' id='word_1_182' title='bbox 304 2785 317 2802; x_wconf 83' lang='lat'>,</span> <span class='ocrx_word' id='word_1_183' title='bbox 400 2732 524 2807; x_wconf 70' lang='lat' dir='ltr'>‘amus</span> <span class='ocrx_word' id='word_1_184' title='bbox 540 2747 578 2792; x_wconf 90' lang='lat' dir='ltr'>ac</span> <span class='ocrx_word' id='word_1_185' title='bbox 597 2727 756 2805; x_wconf 89' lang='lat' dir='ltr'>Troianis,</span> <span class='ocrx_word' id='word_1_186' title='bbox 772 2737 806 2792; x_wconf 89' lang='lat' dir='ltr'>et</span> <span class='ocrx_word' id='word_1_187' title='bbox 827 2727 973 2805; x_wconf 89' lang='lat' dir='ltr'>Persicis,</span> <span class='ocrx_word' id='word_1_188' title='bbox 988 2728 1140 2811; x_wconf 90' lang='lat' dir='ltr'>equibus</span> <span class='ocrx_word' id='word_1_189' title='bbox 1158 2726 1269 2792; x_wconf 89' lang='lat' dir='ltr'>clades</span> <span class='ocrx_word' id='word_1_190' title='bbox 1287 2745 1400 2797; x_wconf 88' lang='lat' dir='ltr'>eorum</span> <span class='ocrx_word' id='word_1_191' title='bbox 1419 2725 1660 2810; x_wconf 66' lang='lat' dir='ltr'>intelligamus?</span> <span class='ocrx_word' id='word_1_192' title='bbox 1703 2726 1797 2792; x_wconf 91' lang='lat' dir='ltr'>Audi</span> 
     </span>
    </p>
   </div>
   <div class='ocr_carea' id='block_1_5' title="bbox 401 2837 1873 4146">
    <p class='ocr_par' dir='ltr' id='par_1_6' title="bbox 401 2837 1873 4146">
     <span class='ocr_line' id='line_1_19' title="bbox 403 2837 1798 2922; baseline -0.001 -19"><span class='ocrx_word' id='word_1_193' title='bbox 403 2840 577 2905; x_wconf 84' lang='lat' dir='ltr'>Hecubam</span> <span class='ocrx_word' id='word_1_194' title='bbox 591 2839 681 2922; x_wconf 91' lang='lat' dir='ltr'>apud</span> <span class='ocrx_word' id='word_1_195' title='bbox 702 2838 905 2920; x_wconf 91' lang='lat' dir='ltr'>Euripidem,</span> <span class='ocrx_word' id='word_1_196' title='bbox 922 2838 1122 2921; x_wconf 89' lang='lat' dir='ltr'>‘Nunquam</span> <span class='ocrx_word' id='word_1_197' title='bbox 1141 2838 1283 2902; x_wconf 91' lang='lat' dir='ltr'>amicum</span> <span class='ocrx_word' id='word_1_198' title='bbox 1301 2837 1477 2901; x_wconf 89' lang='lat' dir='ltr'>barbarum</span> <span class='ocrx_word' id='word_1_199' title='bbox 1496 2858 1602 2920; x_wconf 87' lang='lat' dir='ltr'>genus</span> <span class='ocrx_word' id='word_1_200' title='bbox 1620 2837 1679 2904; x_wconf 87' lang='lat' dir='ltr'>fiet</span> <span class='ocrx_word' id='word_1_201' title='bbox 1697 2837 1798 2903; x_wconf 89' lang='lat' dir='ltr'>Grae·</span> 
     </span>
     <span class='ocr_line' id='line_1_20' title="bbox 401 2949 1799 3033; baseline 0.001 -19"><span class='ocrx_word' id='word_1_202' title='bbox 401 2951 486 3016; x_wconf 88' lang='lat' dir='ltr'>‘cis.’</span> <span class='ocrx_word' id='word_1_203' title='bbox 530 2949 646 3033; x_wconf 89' lang='lat' dir='ltr'>Atque</span> <span class='ocrx_word' id='word_1_204' title='bbox 660 2959 696 3014; x_wconf 92' lang='lat' dir='ltr'>tu</span> <span class='ocrx_word' id='word_1_205' title='bbox 714 2949 914 3014; x_wconf 89' lang='lat' dir='ltr'>Graecorum</span> <span class='ocrx_word' id='word_1_206' title='bbox 930 2970 1051 3013; x_wconf 90' lang='lat' dir='ltr'>nomen</span> <span class='ocrx_word' id='word_1_207' title='bbox 1067 2970 1154 3014; x_wconf 92' lang='lat' dir='ltr'>nunc</span> <span class='ocrx_word' id='word_1_208' title='bbox 1169 2949 1317 3032; x_wconf 87' lang='lat' dir='ltr'>intellige</span> <span class='ocrx_word' id='word_1_209' title='bbox 1333 2969 1399 3012; x_wconf 93' lang='lat' dir='ltr'>non</span> <span class='ocrx_word' id='word_1_210' title='bbox 1415 2949 1565 3028; x_wconf 89' lang='lat' dir='ltr'>nationis,</span> <span class='ocrx_word' id='word_1_211' title='bbox 1581 2951 1638 3014; x_wconf 90' lang='lat' dir='ltr'>sed</span> <span class='ocrx_word' id='word_1_212' title='bbox 1656 2949 1799 3015; x_wconf 88' lang='lat' dir='ltr'>rationis.</span> 
     </span>
     <span class='ocr_line' id='line_1_21' title="bbox 402 3060 1799 3145; baseline 0 -20"><span class='ocrx_word' id='word_1_213' title='bbox 402 3072 437 3126; x_wconf 93' lang='lat' dir='ltr'>ut</span> <span class='ocrx_word' id='word_1_214' title='bbox 459 3063 530 3145; x_wconf 87' lang='lat' dir='ltr'>ipse</span> <span class='ocrx_word' id='word_1_215' title='bbox 552 3063 642 3126; x_wconf 91' lang='lat' dir='ltr'>idem</span> <span class='ocrx_word' id='word_1_216' title='bbox 663 3061 794 3126; x_wconf 90' lang='lat' dir='ltr'>dicebat</span> <span class='ocrx_word' id='word_1_217' title='bbox 819 3061 988 3125; x_wconf 82' lang='lat' dir='ltr'>isocrates.</span> <span class='ocrx_word' id='word_1_218' title='bbox 1034 3061 1100 3145; x_wconf 86' lang='lat' dir='ltr'>Qui</span> <span class='ocrx_word' id='word_1_219' title='bbox 1124 3062 1211 3125; x_wconf 93' lang='lat' dir='ltr'>enim</span> <span class='ocrx_word' id='word_1_220' title='bbox 1235 3061 1362 3124; x_wconf 89' lang='lat' dir='ltr'>ratione</span> <span class='ocrx_word' id='word_1_221' title='bbox 1384 3060 1525 3142; x_wconf 87' lang='lat' dir='ltr'>praediti</span> <span class='ocrx_word' id='word_1_222' title='bbox 1548 3070 1625 3124; x_wconf 91' lang='lat' dir='ltr'>sunt</span> <span class='ocrx_word' id='word_1_223' title='bbox 1645 3060 1799 3139; x_wconf 89' lang='lat' dir='ltr'>humana,</span> 
     </span>
     <span class='ocr_line' id='line_1_22' title="bbox 402 3171 1799 3253; baseline -0.001 -18"><span class='ocrx_word' id='word_1_224' title='bbox 402 3172 434 3235; x_wconf 93' lang='lat' dir='ltr'>hi</span> <span class='ocrx_word' id='word_1_225' title='bbox 454 3172 570 3238; x_wconf 89' lang='lat' dir='ltr'>Graeci</span> <span class='ocrx_word' id='word_1_226' title='bbox 591 3181 686 3237; x_wconf 91' lang='lat' dir='ltr'>sunt:</span> <span class='ocrx_word' id='word_1_227' title='bbox 709 3183 743 3236; x_wconf 87' lang='lat' dir='ltr'>et</span> <span class='ocrx_word' id='word_1_228' title='bbox 761 3193 782 3236; x_wconf 90' lang='lat' dir='ltr'>a</span> <span class='ocrx_word' id='word_1_229' title='bbox 799 3172 953 3251; x_wconf 90' lang='lat' dir='ltr'>barbaris,</span> <span class='ocrx_word' id='word_1_230' title='bbox 972 3171 1035 3236; x_wconf 93' lang='lat' dir='ltr'>hoc</span> <span class='ocrx_word' id='word_1_231' title='bbox 1054 3182 1104 3236; x_wconf 91' lang='lat' dir='ltr'>est</span> <span class='ocrx_word' id='word_1_232' title='bbox 1124 3174 1167 3237; x_wconf 91' lang='lat' dir='ltr'>ab</span> <span class='ocrx_word' id='word_1_233' title='bbox 1185 3171 1374 3236; x_wconf 89' lang='lat' dir='ltr'>hominibus</span> <span class='ocrx_word' id='word_1_234' title='bbox 1397 3171 1579 3253; x_wconf 88' lang='lat' dir='ltr'>agrestibus</span> <span class='ocrx_word' id='word_1_235' title='bbox 1602 3182 1635 3235; x_wconf 89' lang='lat' dir='ltr'>et</span> <span class='ocrx_word' id='word_1_236' title='bbox 1658 3171 1799 3236; x_wconf 85' lang='lat' dir='ltr'>serarum</span> 
     </span>
     <span class='ocr_line' id='line_1_23' title="bbox 404 3280 1800 3366; baseline 0 -20"><span class='ocrx_word' id='word_1_237' title='bbox 404 3292 545 3348; x_wconf 91' lang='lat' dir='ltr'>mentem</span> <span class='ocrx_word' id='word_1_238' title='bbox 571 3285 770 3366; x_wconf 66' lang='lat' dir='ltr'>gerentibus</span> <span class='ocrx_word' id='word_1_239' title='bbox 797 3283 932 3347; x_wconf 89' lang='lat' dir='ltr'>mirifice</span> <span class='ocrx_word' id='word_1_240' title='bbox 958 3283 1126 3348; x_wconf 90' lang='lat' dir='ltr'>dissident.</span> <span class='ocrx_word' id='word_1_241' title='bbox 1172 3282 1249 3346; x_wconf 90' lang='lat' dir='ltr'>‘An</span> <span class='ocrx_word' id='word_1_242' title='bbox 1274 3291 1311 3347; x_wconf 93' lang='lat' dir='ltr'>tu</span> <span class='ocrx_word' id='word_1_243' title='bbox 1339 3282 1479 3346; x_wconf 90' lang='lat' dir='ltr'>maiores</span> <span class='ocrx_word' id='word_1_244' title='bbox 1505 3280 1589 3345; x_wconf 87' lang='lat' dir='ltr'>ullas</span> <span class='ocrx_word' id='word_1_245' title='bbox 1613 3281 1800 3346; x_wconf 89' lang='lat' dir='ltr'>inimicitias</span> 
     </span>
     <span class='ocr_line' id='line_1_24' title="bbox 402 3392 1799 3478; baseline -0.003 -20"><span class='ocrx_word' id='word_1_246' title='bbox 402 3399 521 3478; x_wconf 89' lang='lat' dir='ltr'>‘putas</span> <span class='ocrx_word' id='word_1_247' title='bbox 538 3415 618 3474; x_wconf 87' lang='lat' dir='ltr'>esse,</span> <span class='ocrx_word' id='word_1_248' title='bbox 634 3415 735 3478; x_wconf 89' lang='lat' dir='ltr'>quam</span> <span class='ocrx_word' id='word_1_249' title='bbox 749 3395 929 3460; x_wconf 89' lang='lat' dir='ltr'>contrarias</span> <span class='ocrx_word' id='word_1_250' title='bbox 946 3394 1119 3458; x_wconf 89' lang='lat' dir='ltr'>hominum</span> <span class='ocrx_word' id='word_1_251' title='bbox 1137 3393 1325 3471; x_wconf 78' lang='lat' dir='ltr'>sententiaa,</span> <span class='ocrx_word' id='word_1_252' title='bbox 1340 3413 1379 3457; x_wconf 90' lang='lat' dir='ltr'>ac</span> <span class='ocrx_word' id='word_1_253' title='bbox 1394 3392 1677 3456; x_wconf 89' lang='lat' dir='ltr'>dissimilitudines</span> <span class='ocrx_word' id='word_1_254' title='bbox 1695 3393 1799 3456; x_wconf 85' lang='lat' dir='ltr'>studi-</span> 
     </span>
     <span class='ocr_line' id='line_1_25' title="bbox 403 3501 1799 3588; baseline -0.003 -18"><span class='ocrx_word' id='word_1_255' title='bbox 403 3509 527 3588; x_wconf 88' lang='lat' dir='ltr'>‘orum,</span> <span class='ocrx_word' id='word_1_256' title='bbox 545 3517 580 3571; x_wconf 92' lang='lat' dir='ltr'>et</span> <span class='ocrx_word' id='word_1_257' title='bbox 597 3502 879 3570; x_wconf 78' lang='lat' dir='ltr'>uoluntatum¹⁰?&#39;</span> <span class='ocrx_word' id='word_1_258' title='bbox 935 3503 1055 3570; x_wconf 88' lang='lat' dir='ltr'>Omnis</span> <span class='ocrx_word' id='word_1_259' title='bbox 1076 3503 1207 3586; x_wconf 89' lang='lat' dir='ltr'>sapiens</span> <span class='ocrx_word' id='word_1_260' title='bbox 1225 3504 1315 3566; x_wconf 88' lang='lat' dir='ltr'>omni</span> <span class='ocrx_word' id='word_1_261' title='bbox 1333 3503 1435 3567; x_wconf 92' lang='lat' dir='ltr'>stulto</span> <span class='ocrx_word' id='word_1_262' title='bbox 1453 3510 1632 3585; x_wconf 90' lang='lat' dir='ltr'>perpetuus</span> <span class='ocrx_word' id='word_1_263' title='bbox 1655 3501 1758 3567; x_wconf 91' lang='lat' dir='ltr'>hostis</span> <span class='ocrx_word' id='word_1_264' title='bbox 1768 3501 1799 3566; x_wconf 87' lang='lat'>¹¹.</span> 
     </span>
     <span class='ocr_line' id='line_1_26' title="bbox 404 3613 1800 3702; baseline -0.002 -21"><span class='ocrx_word' id='word_1_265' title='bbox 404 3619 450 3682; x_wconf 88' lang='lat' dir='ltr'>sic</span> <span class='ocrx_word' id='word_1_266' title='bbox 472 3637 538 3681; x_wconf 91' lang='lat' dir='ltr'>non</span> <span class='ocrx_word' id='word_1_267' title='bbox 561 3627 677 3682; x_wconf 88' lang='lat' dir='ltr'>natura</span> <span class='ocrx_word' id='word_1_268' title='bbox 699 3617 887 3682; x_wconf 86' lang='lat' dir='ltr'>distinxerit</span> <span class='ocrx_word' id='word_1_269' title='bbox 910 3613 1010 3702; x_wconf 87' lang='lat' dir='ltr'>(esto)</span> <span class='ocrx_word' id='word_1_270' title='bbox 1033 3617 1117 3680; x_wconf 90' lang='lat' dir='ltr'>inter</span> <span class='ocrx_word' id='word_1_271' title='bbox 1137 3616 1290 3693; x_wconf 89' lang='lat' dir='ltr'>amicum,</span> <span class='ocrx_word' id='word_1_272' title='bbox 1310 3624 1343 3678; x_wconf 89' lang='lat' dir='ltr'>et</span> <span class='ocrx_word' id='word_1_273' title='bbox 1364 3614 1515 3677; x_wconf 89' lang='lat' dir='ltr'>hostem:</span> <span class='ocrx_word' id='word_1_274' title='bbox 1545 3624 1580 3677; x_wconf 91' lang='lat' dir='ltr'>at</span> <span class='ocrx_word' id='word_1_275' title='bbox 1604 3633 1711 3677; x_wconf 90' lang='lat' dir='ltr'>mores</span> <span class='ocrx_word' id='word_1_276' title='bbox 1733 3615 1800 3678; x_wconf 90' lang='lat' dir='ltr'>dis·</span> 
     </span>
     <span class='ocr_line' id='line_1_27' title="bbox 405 3722 1801 3811; baseline -0.004 -17"><span class='ocrx_word' id='word_1_277' title='bbox 405 3728 591 3794; x_wconf 87' lang='lat' dir='ltr'>tinxerunt:</span> <span class='ocrx_word' id='word_1_278' title='bbox 621 3729 678 3811; x_wconf 92' lang='lat' dir='ltr'>qui</span> <span class='ocrx_word' id='word_1_279' title='bbox 700 3729 805 3794; x_wconf 89' lang='lat' dir='ltr'>altera</span> <span class='ocrx_word' id='word_1_280' title='bbox 828 3737 946 3792; x_wconf 91' lang='lat' dir='ltr'>natura</span> <span class='ocrx_word' id='word_1_281' title='bbox 967 3725 1085 3791; x_wconf 76' lang='lat' dir='ltr'>sunt12.</span> <span class='ocrx_word' id='word_1_282' title='bbox 1131 3726 1175 3790; x_wconf 89' lang='lat' dir='ltr'>Et</span> <span class='ocrx_word' id='word_1_283' title='bbox 1196 3727 1240 3790; x_wconf 89' lang='lat' dir='ltr'>ad</span> <span class='ocrx_word' id='word_1_284' title='bbox 1258 3725 1340 3790; x_wconf 90' lang='lat' dir='ltr'>haec</span> <span class='ocrx_word' id='word_1_285' title='bbox 1358 3722 1557 3788; x_wconf 87' lang='lat' dir='ltr'>Aristoteles</span> <span class='ocrx_word' id='word_1_286' title='bbox 1575 3723 1663 3802; x_wconf 84' lang='lat' dir='ltr'>dicit,</span> <span class='ocrx_word' id='word_1_287' title='bbox 1682 3733 1801 3789; x_wconf 89' lang='lat' dir='ltr'>natura</span> 
     </span>
     <span class='ocr_line' id='line_1_28' title="bbox 404 3835 1873 3921; baseline -0.002 -18"><span class='ocrx_word' id='word_1_288' title='bbox 404 3839 470 3904; x_wconf 92' lang='lat' dir='ltr'>imo</span> <span class='ocrx_word' id='word_1_289' title='bbox 491 3840 596 3904; x_wconf 84' lang='lat' dir='ltr'>laetos</span> <span class='ocrx_word' id='word_1_290' title='bbox 617 3841 774 3904; x_wconf 88' lang='lat' dir='ltr'>barbaros</span> <span class='ocrx_word' id='word_1_291' title='bbox 796 3840 838 3904; x_wconf 92' lang='lat' dir='ltr'>ad</span> <span class='ocrx_word' id='word_1_292' title='bbox 862 3839 1092 3904; x_wconf 88' lang='lat' dir='ltr'>semiendum:</span> <span class='ocrx_word' id='word_1_293' title='bbox 1122 3840 1235 3921; x_wconf 90' lang='lat' dir='ltr'>itaque</span> <span class='ocrx_word' id='word_1_294' title='bbox 1258 3846 1292 3901; x_wconf 91' lang='lat' dir='ltr'>et</span> <span class='ocrx_word' id='word_1_295' title='bbox 1314 3836 1436 3900; x_wconf 91' lang='lat' dir='ltr'>iustum</span> <span class='ocrx_word' id='word_1_296' title='bbox 1459 3835 1583 3899; x_wconf 90' lang='lat' dir='ltr'>bellum</span> <span class='ocrx_word' id='word_1_297' title='bbox 1607 3845 1722 3900; x_wconf 91' lang='lat' dir='ltr'>contra</span> <span class='ocrx_word' id='word_1_298' title='bbox 1745 3858 1802 3901; x_wconf 90' lang='lat' dir='ltr'>eos</span> <span class='ocrx_word' id='word_1_299' title='bbox 1869 3867 1873 3880; x_wconf 89' lang='lat'>·</span> 
     </span>
     <span class='ocr_line' id='line_1_29' title="bbox 406 3945 1803 4036; baseline -0.004 -18"><span class='ocrx_word' id='word_1_300' title='bbox 406 3975 482 4032; x_wconf 88' lang='lat' dir='ltr'>esse,</span> <span class='ocrx_word' id='word_1_301' title='bbox 497 3964 531 4018; x_wconf 90' lang='lat' dir='ltr'>et</span> <span class='ocrx_word' id='word_1_302' title='bbox 546 3953 640 4036; x_wconf 88' lang='lat' dir='ltr'>quasi</span> <span class='ocrx_word' id='word_1_303' title='bbox 656 3952 866 4017; x_wconf 90' lang='lat' dir='ltr'>uenationem</span> <span class='ocrx_word' id='word_1_304' title='bbox 883 3960 998 4016; x_wconf 90' lang='lat' dir='ltr'>contra</span> <span class='ocrx_word' id='word_1_305' title='bbox 1011 3950 1097 4014; x_wconf 81' lang='lat' dir='ltr'>seras</span> <span class='ocrx_word' id='word_1_306' title='bbox 1105 3949 1140 4014; x_wconf 85' lang='lat'>¹³.</span> <span class='ocrx_word' id='word_1_307' title='bbox 1179 3949 1324 4015; x_wconf 91' lang='lat' dir='ltr'>Uenatio</span> <span class='ocrx_word' id='word_1_308' title='bbox 1338 3946 1463 4013; x_wconf 92' lang='lat' dir='ltr'>bellum</span> <span class='ocrx_word' id='word_1_309' title='bbox 1479 3957 1530 4012; x_wconf 91' lang='lat' dir='ltr'>est</span> <span class='ocrx_word' id='word_1_310' title='bbox 1539 3945 1573 4012; x_wconf 85' lang='lat'>¹⁴.</span> <span class='ocrx_word' id='word_1_311' title='bbox 1619 3947 1803 4014; x_wconf 86' lang='lat' dir='ltr'>Palestinos</span> 
     </span>
     <span class='ocr_line' id='line_1_30' title="bbox 406 4058 1804 4146; baseline -0.002 -19"><span class='ocrx_word' id='word_1_312' title='bbox 406 4084 501 4146; x_wconf 87' lang='lat' dir='ltr'>porro</span> <span class='ocrx_word' id='word_1_313' title='bbox 519 4065 684 4130; x_wconf 89' lang='lat' dir='ltr'>naturales</span> <span class='ocrx_word' id='word_1_314' title='bbox 705 4062 819 4128; x_wconf 90' lang='lat' dir='ltr'>hostes</span> <span class='ocrx_word' id='word_1_315' title='bbox 835 4062 967 4127; x_wconf 88' lang='lat' dir='ltr'>Iudaeis</span> <span class='ocrx_word' id='word_1_316' title='bbox 989 4061 1129 4144; x_wconf 88' lang='lat' dir='ltr'>legimus</span> <span class='ocrx_word' id='word_1_317' title='bbox 1137 4060 1172 4125; x_wconf 84' lang='lat'>¹⁶.</span> <span class='ocrx_word' id='word_1_318' title='bbox 1215 4062 1261 4125; x_wconf 89' lang='lat' dir='ltr'>Et</span> <span class='ocrx_word' id='word_1_319' title='bbox 1281 4059 1462 4125; x_wconf 89' lang='lat' dir='ltr'>Saracenos</span> <span class='ocrx_word' id='word_1_320' title='bbox 1480 4058 1674 4124; x_wconf 87' lang='lat' dir='ltr'>naturaliter</span> <span class='ocrx_word' id='word_1_321' title='bbox 1690 4059 1804 4126; x_wconf 85' lang='lat' dir='ltr'>hostes</span> 
     </span>
    </p>
   </div>
   <div class='ocr_carea' id='block_1_6' title="bbox 408 4333 1806 4651">
    <p class='ocr_par' dir='ltr' id='par_1_7' title="bbox 408 4333 1806 4483">
     <span class='ocr_line' id='line_1_31' title="bbox 408 4333 1806 4404; baseline -0.002 -15"><span class='ocrx_word' id='word_1_322' title='bbox 408 4337 602 4404; x_wconf 79' lang='lat' dir='ltr'>¹MaTyr.16.</span> <span class='ocrx_word' id='word_1_323' title='bbox 661 4335 1428 4402; x_wconf 80' lang='lat' dir='ltr'>&#39;PluDem.etde1n.An.4;Apu1.demu.;Lucia.1ca.</span> <span class='ocrx_word' id='word_1_324' title='bbox 1487 4333 1806 4400; x_wconf 79' lang='lat' dir='ltr'>¹Sen.ult.Na.Q.e.27.</span> 
     </span>
     <span class='ocr_line' id='line_1_32' title="bbox 469 4415 1738 4483; baseline -0.005 -9"><span class='ocrx_word' id='word_1_325' title='bbox 469 4421 656 4474; x_wconf 70' lang='lat' dir='ltr'>‘ctnlasta</span> <span class='ocrx_word' id='word_1_326' title='bbox 671 4435 692 4473; x_wconf 89' lang='lat'>1.</span> <span class='ocrx_word' id='word_1_327' title='bbox 774 4421 980 4483; x_wconf 68' lang='lat' dir='ltr'>‘Pliusaoa</span> <span class='ocrx_word' id='word_1_328' title='bbox 1061 4417 1420 4482; x_wconf 69' lang='lat' dir='ltr'>*Bal.5.deiust.(1&gt;.1.1).</span> <span class='ocrx_word' id='word_1_329' title='bbox 1502 4415 1738 4480; x_wconf 75' lang='lat' dir='ltr'>&#39;Tac.5.Hist.5.</span> 
     </span>
    </p>

    <p class='ocr_par' dir='ltr' id='par_1_8' title="bbox 408 4497 1805 4651">
     <span class='ocr_line' id='line_1_33' title="bbox 408 4497 1805 4570; baseline -0.004 -16"><span class='ocrx_word' id='word_1_330' title='bbox 408 4503 661 4570; x_wconf 77' lang='lat' dir='ltr'>&#39;llu.lib.3r.c.a9.</span> <span class='ocrx_word' id='word_1_331' title='bbox 693 4499 1304 4566; x_wconf 79' lang='lat' dir='ltr'>’Isocr.Pnna.conf.3;Pla.5.deRep.(p.470).</span> <span class='ocrx_word' id='word_1_332' title='bbox 1339 4499 1421 4549; x_wconf 81' lang='lat' dir='ltr'>¹⁰Cic.</span> <span class='ocrx_word' id='word_1_333' title='bbox 1433 4497 1805 4563; x_wconf 79' lang='lat' dir='ltr'>Verr.a.3.3;Apul.dePhil.</span> 
     </span>
     <span class='ocr_line' id='line_1_34' title="bbox 449 4580 1763 4651; baseline -0.007 -14"><span class='ocrx_word' id='word_1_334' title='bbox 449 4586 465 4618; x_wconf 85' lang='lat'>²¹</span> <span class='ocrx_word' id='word_1_335' title='bbox 482 4587 537 4637; x_wconf 90' lang='lat' dir='ltr'>Phi.</span> <span class='ocrx_word' id='word_1_336' title='bbox 549 4587 582 4638; x_wconf 87' lang='lat' dir='ltr'>de</span> <span class='ocrx_word' id='word_1_337' title='bbox 593 4587 670 4638; x_wconf 87' lang='lat' dir='ltr'>Cous.</span> <span class='ocrx_word' id='word_1_338' title='bbox 715 4585 733 4615; x_wconf 81' lang='lat'>¹²</span> <span class='ocrx_word' id='word_1_339' title='bbox 748 4586 807 4636; x_wconf 90' lang='lat' dir='ltr'>Dio.</span> <span class='ocrx_word' id='word_1_340' title='bbox 821 4600 860 4651; x_wconf 77' lang='lat'>41.</span> <span class='ocrx_word' id='word_1_341' title='bbox 905 4585 923 4616; x_wconf 77' lang='lat'>¹³</span> <span class='ocrx_word' id='word_1_342' title='bbox 940 4584 1016 4634; x_wconf 84' lang='lat' dir='ltr'>An‘st.</span> <span class='ocrx_word' id='word_1_343' title='bbox 1031 4583 1139 4634; x_wconf 87' lang='lat' dir='ltr'>1.Polit.</span> <span class='ocrx_word' id='word_1_344' title='bbox 1152 4594 1174 4647; x_wconf 86' lang='lat'>7.</span> <span class='ocrx_word' id='word_1_345' title='bbox 1187 4598 1209 4646; x_wconf 85' lang='lat'>5.</span> <span class='ocrx_word' id='word_1_346' title='bbox 1254 4581 1271 4611; x_wconf 81' lang='lat'>¹⁴</span> <span class='ocrx_word' id='word_1_347' title='bbox 1288 4582 1352 4632; x_wconf 87' lang='lat' dir='ltr'>Xen.</span> <span class='ocrx_word' id='word_1_348' title='bbox 1364 4582 1387 4631; x_wconf 85' lang='lat'>8.</span> <span class='ocrx_word' id='word_1_349' title='bbox 1399 4581 1474 4644; x_wconf 85' lang='lat' dir='ltr'>Cyro.</span> <span class='ocrx_word' id='word_1_350' title='bbox 1487 4596 1507 4630; x_wconf 88' lang='lat'>1.</span> <span class='ocrx_word' id='word_1_351' title='bbox 1558 4580 1655 4631; x_wconf 67' lang='lat' dir='ltr'>¹“losa</span> <span class='ocrx_word' id='word_1_352' title='bbox 1667 4595 1690 4644; x_wconf 81' lang='lat'>5.</span> <span class='ocrx_word' id='word_1_353' title='bbox 1703 4581 1763 4629; x_wconf 83' lang='lat' dir='ltr'>Ant.</span> 
     </span>
    </p>
   </div>
   <div class='ocr_carea' id='block_1_7' title="bbox 1073 4807 1136 4858">
    <p class='ocr_par' dir='ltr' id='par_1_9' title="bbox 1073 4807 1136 4858">
     <span class='ocr_line' id='line_1_35' title="bbox 1073 4807 1136 4858; baseline 0.032 -2"><span class='ocrx_word' id='word_1_354' title='bbox 1073 4807 1136 4858; x_wconf 73' lang='lat'>112</span> 
     </span>
    </p>
   </div>
   <div class='ocr_carea' id='block_1_8' title="bbox 0 0 2249 5566">
    <p class='ocr_par' dir='ltr' id='par_1_10' title="bbox 0 0 2249 5566">
     <span class='ocr_line' id='line_1_36' title="bbox 0 0 2249 5566; baseline 0 0"><span class='ocrx_word' id='word_1_355' title='bbox 0 0 2249 5566; x_wconf 95' lang='lat' dir='ltr'> </span> 
     </span>
    </p>
   </div>
  </div>
 </body>
</html>
