4456 5566
727 728 789 782 DE
816 727 920 784 IURE
947 727 1082 796 BELLI,
1112 727 1191 783 LIB.
1215 728 1239 796 I,
1271 727 1358 784 cAP.
1381 726 1439 784 III.
1742 735 1781 804 13

382 964 614 1048 latronumque
637 966 738 1030 duces
756 965 896 1040 dicebat,
914 965 972 1049 qui
995 985 1060 1030 non
1084 964 1170 1032 iusta
1192 965 1271 1045 acie,
1294 964 1352 1030 sed
1376 963 1645 1049 populationibus
1667 973 1701 1029 et
1723 985 1784 1029 ex·

382 1078 595 1156 cursionibus,
611 1096 679 1140 rem
700 1087 836 1162 agerent
845 1075 866 1143 ¹.
896 1087 930 1144 et
952 1077 1031 1142 alibi
1053 1078 1142 1161 apud
1161 1077 1305 1156 Liuium,
1327 1076 1388 1142 ‘ab
1405 1075 1583 1160 Liguribus
1600 1075 1784 1141 latronibus

383 1195 391 1222 ‘
405 1190 521 1269 uerius,
531 1210 632 1274 quam
647 1188 798 1256 hostibus
813 1190 924 1257 iustis!
947 1188 1114 1256 Uidelicet
1129 1190 1207 1273 quia
1221 1189 1311 1254 domi
1327 1189 1444 1274 inopes
1459 1190 1661 1254 incursarent
1676 1189 1784 1254 aliena

382 1311 517 1386 propter
536 1302 753 1367 domesticam
776 1303 930 1386 inopiam,
953 1312 986 1367 et
1009 1302 1232 1367 inuenirentur
1253 1302 1425 1380 difficilius,
1448 1320 1549 1385 quarn
1568 1301 1785 1368 uincerentur.

383 1413 428 1479 Et
452 1414 537 1479 forte
560 1433 620 1479 nec
647 1416 728 1479 satis
754 1423 922 1480 seruantes
948 1414 1025 1480 iuris
1051 1424 1161 1480 essent
1184 1413 1312 1479 bellici:
1347 1415 1404 1497 qui
1430 1414 1581 1497 captiuos
1606 1413 1785 1498 aliquando

382 1525 612 1606 interfecerint,
639 1536 672 1592 ct
698 1525 870 1592 lacerarint
896 1526 1001 1592 foede.
1039 1527 1135 1610 quod.
1159 1527 1202 1592 ad
1233 1525 1323 1591 aliud
1353 1525 1477 1590 iustum
1510 1525 1616 1609 magis
1645 1534 1784 1610 spectat.

383 1637 495 1702 Etiam
522 1635 738 1720 Thucydides
759 1638 880 1718 scribit,
904 1638 1034 1702 ‘Missis
1055 1639 1191 1722 triginta
1213 1638 1360 1717 nauibus,
1387 1646 1484 1721 rupta
1506 1647 1620 1721 aperte
1642 1638 1785 1705 foedera

383 1752 391 1782 ‘
406 1770 484 1814 nam
499 1751 542 1816 ad
559 1771 632 1816 eam
647 1751 737 1815 diem
753 1749 924 1815 latrocinia
939 1751 1050 1835 potius
1064 1751 1191 1834 agitata
1199 1749 1231 1817 ²?
1253 1750 1299 1816 Et
1315 1751 1350 1816 P.
1364 1751 1475 1815 Iouius
1490 1751 1533 1815 de
1547 1750 1686 1816 induciis
1701 1751 1785 1817 inter

385 1861 572 1946 Hungaros‚
584 1873 618 1927 et
633 1862 769 1942 Tureas,
784 1862 859 1926 ‘Ex
875 1863 1057 1928 inueterata
1073 1863 1310 1928 consuetudine
1325 1863 1359 1927 in
1375 1863 1494 1927 finibus
1509 1862 1638 1928 minuta
1651 1843 1784 1946 proelia,

383 1976 440 2040 ‘et
455 1974 732 2039 extraordinarias
747 1975 947 2040 incursiones
962 1975 1192 2055 admittebant,
1208 1975 1269 2039 nisi
1293 1974 1387 2040 iustis
1406 1974 1509 2058 copiis
1524 1994 1599 2039 cum
1616 1973 1702 2040 iusto
1718 1985 1786 2040 tor·

386 2093 594 2154 ‘mentorum
611 2087 784 2151 muralium
800 2097 962 2172 apparatu
983 2089 1033 2152 uis
1056 2087 1227 2154 inferretur
1235 2087 1268 2152 ³!
1314 2087 1368 2152 De
1394 2107 1461 2170 quo
1487 2096 1522 2151 et
1541 2088 1719 2152 dicendum
1735 2096 1787 2153 est

383 2199 466 2265 libro
488 2199 595 2278 tertio,
610 2200 893 2284 quemadmodum
910 2209 1025 2265 contra
1046 2220 1172 2284 pacem,
1188 2209 1246 2264 aut
1261 2199 1378 2266 foedus
1393 2219 1459 2263 non
1475 2200 1543 2276 fiat,
1559 2200 1587 2264 si
1602 2200 1688 2266 iusta
1703 2201 1785 2266 haec

385 2313 433 2378 uis
454 2333 520 2378 non
541 2313 723 2378 intercedat
737 2333 913 2392 armorum,
928 2332 1015 2395 quae
1031 2329 1151 2395 magna
1167 2321 1226 2377 est.
1257 2321 1294 2377 ut
1309 2311 1396 2376 iusta
1418 2310 1569 2395 chiragra
1590 2322 1641 2378 est
1664 2333 1787 2398 magna

386 2425 534 2504 Horatio,
550 2426 583 2489 in
603 2424 732 2508 Satyris
741 2423 764 2491 ⁴.
809 2426 875 2490 Dio
898 2425 941 2490 de
963 2424 1101 2504 Parthis,
1117 2425 1245 2490 ‘Extra
1264 2446 1341 2490 suos
1360 2424 1442 2492 fines
1464 2425 1584 2508 pugnis
1606 2425 1786 2509 aliquando

385 2541 440 2603 ‘et
456 2537 705 2602 excursionibus
717 2537 896 2621 repentinis
912 2536 1060 2602 nonnihil
1076 2547 1233 2620 egerunt:
1257 2547 1370 2602 tamen
1383 2537 1506 2602 iustum
1524 2536 1649 2602 bellum
1664 2558 1786 2621 gerere,

384 2652 467 2714 ‘nisi
482 2651 574 2714 domi
589 2671 668 2715 suae
689 2671 754 2716 non
777 2647 926 2716 ualent⁶.'
971 2650 1061 2714 Ecce
1082 2650 1205 2715 iustum
1229 2649 1283 2715 hic
1307 2650 1440 2716 bellum.
1486 2648 1543 2714 Sic
1566 2650 1671 2714 iustus
1691 2670 1786 2715 exer·

384 2759 467 2826 citus
476 2760 498 2825 ⁰.
540 2758 595 2825 Sic
611 2761 716 2824 iustus
732 2760 835 2824 miles.
880 2759 1017 2842 ‘Neque
1035 2759 1078 2823 ad
1094 2755 1287 2844 exemplum
1308 2759 1384 2825 iusti
1406 2759 1519 2826 militis
1537 2759 1714 2844 quicquam
1738 2761 1786 2826 eis

384 2880 394 2909 ‘
410 2882 539 2957 praeter
554 2873 740 2939 libertatem
756 2872 890 2938 deesse!
925 2871 981 2938 Sic
993 2873 1098 2936 iustus
1110 2874 1201 2937 dux:
1220 2873 1405 2957 ‘Prosperis
1420 2873 1548 2957 aliquot
1562 2874 1786 2958 populationi-

385 2987 468 3051 ‘bus
492 2987 568 3051 iusti
593 2987 686 3051 ducis
712 2987 856 3070 speciem
880 2995 997 3050 nactus
1006 2982 1038 3050 ⁷.’
1083 2983 1139 3052 Sic
1161 2987 1257 3062 iusta,
1282 2997 1315 3052 et
1338 2997 1426 3052 recta
1445 3006 1565 3072 pugna,
1588 3008 1674 3071 quae
1696 2987 1786 3053 acies

386 3099 596 3182 legitimaque
611 3098 705 3164 furtis
720 3099 907 3183 opponitur,
923 3108 956 3163 et
971 3098 1149 3164 latrociniis
1159 3097 1182 3163 ⁸.
1215 3099 1314 3164 etsie
1334 3100 1420 3164 iusta
1440 3099 1578 3172 uictoria
1599 3100 1641 3164 de
1663 3099 1785 3184 ampla,

385 3231 422 3276 ac
434 3211 563 3295 plenal.
604 3211 677 3276 Nos
692 3232 771 3276 uero
783 3212 848 3275 iam
866 3231 924 3294 pro
940 3210 1048 3276 officio
1065 3210 1290 3275 Iurisconsulti
1307 3221 1419 3276 nostro
1434 3210 1516 3276 haec
1531 3211 1660 3295 plenius
1675 3211 1785 3278 decla-

385 3343 500 3389 remus.

988 3519 1075 3594 Cn.
1110 3523 1183 3595 111.

819 3697 1014 3794 Principes
1038 3696 1187 3770 Bellum
1205 3703 1352 3794 gerunt.

429 3877 596 3941 ‘Hostes
625 3876 659 3940 hi
689 3885 773 3956 sunt,
797 3876 853 3958 qui
880 3874 984 3953 nobis,
1006 3884 1064 3939 aut
1091 3873 1211 3958 quibus
1236 3893 1296 3938 nos
1325 3873 1456 3958 publice
1485 3873 1610 3938 bellum
1640 3875 1785 3940 decreui-

386 3989 490 4054 ‘mus
515 3989 635 4054 caeteri
648 3988 800 4066 latrones,
811 3996 869 4051 aut
881 3985 1093 4071 praedonesz'
1109 3986 1214 4071 inquit
1226 3985 1463 4069 Pomponius10.
1480 3996 1514 4052 et
1524 3987 1664 4052 totidem
1677 3988 1786 4053 uerbis

388 4099 568 4184 Ulpianus:
592 4101 737 4166 ‘Hostes
755 4110 842 4177 sunt,
858 4100 977 4184 quibus
992 4098 1117 4165 bellum
1133 4099 1264 4182 publice
1284 4099 1425 4184 populus
1442 4101 1615 4165 Romanus
1630 4101 1785 4179 decreuit,

386 4213 462 4278 ‘uel
485 4214 547 4299 ipsi
570 4213 694 4298 populo
720 4213 885 4279 Romano.
919 4213 1039 4278 caeteri
1063 4211 1246 4290 latrunculi,
1273 4212 1326 4277 uel
1351 4214 1533 4296 praedones
1556 4211 1785 4298 appellantur.’

548 4409 558 4440 ¹
575 4409 630 4461 Hs.
645 4425 682 4476 ²9·
694 4427 715 4461 c.
728 4410 752 4471 6,
766 4423 806 4474 34.
819 4426 839 4460 c.
854 4423 892 4467 ar,
904 4423 945 4474 40.
956 4424 979 4459 c.
990 4420 1035 4472 ης
1054 4423 1066 4457 a
1080 4408 1135 4460 Flo.
1148 4425 1169 4460 c.
1185 4423 1223 4459 ao.
1327 4407 1337 4438 ¹
1353 4407 1432 4460 Thuc
1444 4409 1488 4460 lib.
1500 4407 1524 4458 6.
1536 4425 1558 4461 c.
1569 4423 1622 4473 105.

386 4488 397 4518 ι
412 4491 694 4626 1⁰¹¹·l1'b··}⁶elilp·¹3)3⁸3·
707 4593 727 4628 e
739 4575 769 4626 61
784 4594 789 4607 ·
806 4492 1021 4633 &sant-²25:
1037 4490 1223 4625 scipiGLeiiissis
1238 4506 1366 4626 leiim&
1378 4507 1418 4604 4.·
1433 4575 1498 4625 Casa
1518 4491 1704 4625 '8302151'40-
1717 4507 1731 4542 c
1748 4506 1786 4555 15.

450 4658 530 4710 'Cin
545 4674 566 4710 a.
578 4614 701 4711 Famdrd.
783 4614 790 4634 ¹
856 4615 861 4628 ι
904 4613 909 4625 Ι
925 4659 944 4688 ¹⁰
960 4623 982 4710 1.ι
989 4615 1046 4709 irs.
1058 4659 1089 4709 de
1101 4659 1132 4709 V.
1145 4658 1170 4708 S.
1178 4589 1276 4720 (Dsqo
1287 4611 1345 4718 1¹6);
1361 4655 1378 4722 l.
1393 4671 1430 4719 ²4·
1442 4656 1474 4706 de
1486 4612 1552 4722 capt.
1563 4588 1719 4720 (bn-⁴3³⁵).
