4456 5566
374 1467 719 1565 ALBERlCl
766 1471 1110 1570 GENTlLlS
1154 1475 1252 1568 DE
1296 1474 1472 1570 IURE
1516 1475 1741 1570 BELLI.

843 1737 1011 1812 LIBER
1049 1739 1268 1814 PRIMUS.

978 1967 1068 2043 Che.
1100 1971 1127 2042 Ι.

781 2163 840 2235 De
864 2163 959 2235 Iure
986 2163 1160 2236 Gentium
1185 2163 1331 2239 Bellz'co.

397 2353 583 2428 MAGNAM,
614 2361 716 2434 atque
744 2349 909 2414 difficilem
942 2370 1011 2413 rem
1040 2351 1221 2433 aggredior,
1248 2353 1304 2434 qui
1334 2355 1377 2418 de
1403 2355 1480 2420 Iure
1504 2357 1582 2421 belli
1612 2356 1755 2441 suscipio

353 2466 501 2544 scribere,
517 2464 606 2548 quod
623 2463 705 2528 latet
721 2464 753 2526 in
770 2463 948 2527 recessibus
968 2470 1111 2540 naturae,
1131 2471 1165 2526 et
1183 2463 1376 2529 distractum
1395 2469 1493 2548 uarie,
1508 2479 1542 2534 et
1558 2471 1755 2553 dissipatum

354 2576 452 2641 ualde
476 2587 535 2642 est.
580 2578 700 2659 Neque
722 2576 811 2640 enim
834 2576 897 2640 hoc
921 2577 970 2638 ius
993 2585 1043 2640 est
1066 2574 1156 2639 libris
1178 2575 1363 2656 collectum,
1382 2588 1415 2643 et
1439 2601 1633 2663 expressum
1657 2583 1755 2648 Iusti·

353 2689 461 2754 niani:
485 2691 527 2754 ad
552 2710 635 2773 quos
657 2689 747 2754 adire
770 2709 829 2752 nos
852 2707 1024 2770 possemus
1043 2687 1149 2764 facile,
1168 2698 1226 2753 aut
1247 2692 1394 2774 magistri
1416 2692 1567 2758 meliores
1590 2714 1655 2758 non
1679 2715 1755 2759 cum

353 2799 466 2866 labore
486 2802 592 2866 multo
612 2823 672 2866 nos
688 2803 854 2866 ducerent.
900 2801 978 2865 Non
996 2800 1122 2864 habent
1141 2800 1213 2865 libri
1229 2801 1276 2864 illi
1298 2803 1419 2869 dehoc
1437 2806 1516 2881 iure,
1532 2827 1598 2871 non
1614 2807 1668 2870 alii
1689 2807 1755 2886 ulli,

352 2915 409 2996 qui
439 2925 565 2980 extent.
610 2915 700 2978 Nam
725 2911 1006 3006 Philosophorumv
1026 2913 1335 2996 disputatiunculae,
1361 2937 1444 2998 quas
1475 2917 1554 2980 mihi
1585 2918 1755 2982 nominare

353 3025 527 3090 nonnullas
553 3025 672 3109 aliquis
698 3035 820 3107 posset,
845 3044 905 3088 eae
928 3023 1126 3107 generaliter
1150 3034 1291 3104 tantum,
1315 3036 1349 3089 et
1374 3029 1540 3109 quaedam
1562 3030 1754 3094 summatim

352 3138 495 3216 tradunt,
511 3157 578 3202 non
593 3138 636 3201 ad
652 3136 777 3218 species
792 3136 1009 3212 descendunt,
1024 3136 1066 3199 de
1082 3135 1202 3218 quibus
1217 3137 1402 3201 distinctius
1418 3137 1596 3221 explicent.
1637 3139 1755 3222 Atque

353 3248 400 3314 M.
423 3250 558 3330 quidem
581 3248 719 3326 Tullius,
743 3268 817 3312 cum
846 3267 952 3330 pauca
978 3247 1161 3312 admodum
1186 3246 1239 3312 hic
1266 3249 1478 3326 adnotasset3
1513 3250 1585 3313 ‘De
1610 3250 1754 3328 bellicis‚’

353 3359 466 3444 inquit,
485 3361 616 3426 ‘officiis
633 3361 760 3425 dictum
781 3369 831 3423 est
852 3357 967 3422 satis¹.'

397 3471 529 3538 Scilicet
547 3492 608 3536 nec
627 3471 768 3551 moralis,
784 3491 843 3535 nec
862 3470 987 3551 politici
1005 3490 1124 3534 munus
1140 3468 1331 3552 Philosophi
1347 3490 1418 3534 esse
1431 3472 1569 3550 videtur,
1584 3492 1753 3555 exponere

352 3584 430 3662 iura,
456 3605 542 3667 quae
564 3605 640 3650 cum
662 3584 813 3649 hostibus
835 3603 922 3666 quae
944 3603 1019 3647 cum
1042 3582 1188 3646 extemis
1210 3583 1397 3646 communia
1422 3582 1516 3646 nobis
1539 3593 1626 3646 sunt.
1672 3582 1753 3648 Siue

353 3696 440 3758 enim
456 3696 588 3760 moralis
603 3695 843 3760 institutionem
859 3695 969 3759 tradat
990 3693 1193 3776 singulorum
1214 3693 1387 3775 priuatam,
1405 3694 1475 3758 siue
1493 3695 1573 3776 quid
1597 3695 1753 3760 moliatur

352 3807 440 3872 aliud
458 3810 502 3873 ad
517 3829 683 3872 summum
698 3809 824 3872 bonum
838 3808 1097 3891 adipiscendum,
1112 3827 1243 3890 semper
1258 3806 1405 3871 continet
1420 3806 1507 3872 intra
1521 3807 1691 3872 ciuitatem
1707 3830 1751 3888 se,

351 3919 488 3984 omnino
510 3921 597 3986 intra
619 3920 835 3985 fundamenta
857 3920 1026 3994 uirtutum,
1049 3939 1115 3984 non
1137 3918 1206 3983 alte
1226 3918 1314 3983 tollit
1337 3919 1369 3982 in
1396 3917 1577 3984 aedificia².
1624 3919 1752 3985 Politici

352 4043 465 4098 autem
481 4053 546 4097 non
563 4042 614 4098 est
628 4033 770 4098 officium
794 4033 837 4096 de
859 4032 978 4097 bellico
999 4032 1074 4096 Iure
1093 4050 1278 4113 exponere:
1302 4031 1458 4113 quoniam
1478 4051 1544 4094 non
1560 4031 1656 4094 unius
1669 4031 1752 4096 haec

353 4155 401 4210 est
413 4166 494 4210 cura
503 4147 710 4229 reipublicae,
726 4147 785 4210 sed
797 4146 954 4210 omnium.
985 4145 1031 4208 Et
1044 4145 1089 4208 ita
1102 4143 1301 4208 Aristoteles
1316 4143 1419 4207 reiicit
1430 4164 1451 4207 a
1463 4142 1599 4226 politico
1611 4153 1750 4226 partem,

352 4275 437 4337 quae
459 4265 508 4320 est
527 4256 570 4320 de
592 4276 759 4320 armorum
781 4257 900 4333 studi0,
916 4265 950 4320 et
970 4255 1094 4320 bellicis
1113 4254 1405 4319 exercitationibus
1414 4253 1437 4318 ³.
1483 4253 1578 4318 Haec
1600 4253 1752 4321 debello

353 4371 562 4458 Philosophia
592 4375 791 4459 reipublicae
821 4384 872 4439 est
898 4394 1048 4457 magnae,
1080 4373 1222 4437 uniuersi
1251 4381 1412 4436 terrarum
1438 4373 1535 4452 orbis,
1563 4382 1597 4438 et
1622 4375 1752 4456 generis

384 4573 393 4602 ¹
410 4573 463 4625 Cic
478 4587 500 4625 1.
513 4574 553 4624 De
564 4573 613 4625 Oli.
625 4589 646 4623 c.
661 4586 699 4634 13.
784 4571 794 4601 ¹
811 4573 840 4623 F.
853 4569 1161 4624 Piccolom.1ntrod.Civ.
1175 4569 1240 4620 Phil.
1252 4585 1288 4621 cc.
1301 4579 1324 4633 7,
1336 4571 1360 4628 8,
1370 4584 1401 4634 9;
1417 4569 1514 4620 Introd.
1525 4569 1573 4620 Sci.
1585 4569 1646 4620 Nat.
1660 4584 1682 4620 c.
1695 4584 1718 4632 3.

906 4655 916 4683 ⁸
933 4654 1009 4704 Arist.
1024 4663 1046 4717 7.
1059 4652 1113 4702 Pol.
1125 4667 1146 4701 a.
1158 4663 1195 4716 17.

1038 4837 1060 4886 B
