4604 5562
471 713 511 780 72
955 710 1157 764 ALBERICI
1184 709 1383 764 GENTILIS

469 955 478 983 ‘
493 951 690 1030 cohaereret,
706 952 859 1017 intercisa
877 953 954 1016 iuris
969 952 1104 1016 humani
1119 953 1259 1018 societas
1274 951 1423 1017 abscidit.
1464 951 1500 1017 Si
1517 973 1583 1015 non
1599 951 1739 1034 patriam
1756 969 1865 1013 meam

470 1063 675 1146 'impugnat
695 1064 754 1127 sed
775 1085 853 1128 suae
873 1065 982 1147 grauis
1008 1074 1067 1143 est,
1089 1073 1124 1128 et
1145 1065 1309 1147 sepositus
1330 1085 1351 1128 a
1374 1084 1448 1128 mea
1469 1073 1570 1147 gente
1592 1083 1685 1127 suam
1708 1062 1867 1144 exagitat,

468 1175 634 1239 ‘abscidit
656 1175 867 1240 nihilominus
888 1176 980 1240 illum
1003 1185 1096 1240 tanta
1114 1177 1258 1260 prauitas
1282 1171 1392 1241 animi.
1424 1177 1524 1240 etiam
1548 1177 1575 1239 si
1602 1195 1668 1238 non
1691 1174 1867 1250 inimicum,

469 1286 636 1350 ‘inuisum
658 1286 737 1350 mihi
759 1287 877 1352 efficit:
907 1288 1061 1370 priorque
1083 1287 1173 1362 mihi,
1191 1307 1230 1352 ac
1252 1287 1361 1369 potior
1379 1285 1448 1351 eius
1470 1286 1566 1350 officii
1589 1286 1673 1349 ratio
1695 1293 1754 1363 est,
1776 1284 1866 1366 quod

470 1395 638 1461 ‘humano
653 1398 773 1479 generi,
790 1419 891 1481 quam
915 1400 1004 1483 quod
1021 1399 1076 1462 uni
1094 1397 1267 1462 hominum
1286 1398 1392 1462 debeo
1402 1396 1431 1461 ¹.'
1478 1397 1533 1462 Sic
1551 1417 1641 1473 sane,
1656 1405 1713 1460 aut
1728 1395 1867 1459 iacimus

469 1509 671 1591 principibus
688 1529 804 1573 omnes
822 1507 972 1574 homines
990 1508 1134 1574 alienos:
1157 1509 1184 1573 si
1200 1510 1383 1586 statuimus,
1399 1529 1455 1572 eos
1471 1529 1568 1591 posse
1583 1527 1642 1590 pro
1657 1507 1752 1570 libitu
1768 1527 1868 1590 agere

471 1629 504 1684 et
519 1639 580 1701 pro
597 1619 741 1686 libidine.

514 1729 603 1812 Quid
630 1751 724 1810 nunc,
748 1731 775 1794 si
803 1741 853 1795 est
875 1752 990 1796 caussa
1009 1732 1216 1796 subditorum
1237 1727 1375 1796 iniusta?
1405 1728 1515 1795 ethic
1538 1738 1659 1813 negant
1681 1728 1869 1811 supradicti,

469 1851 621 1924 oportere
644 1842 770 1906 iniustis
787 1842 902 1906 alienis
919 1844 1059 1908 subditis
1077 1844 1202 1908 auxilio
1218 1863 1298 1907 esse.
1324 1861 1367 1907 ne
1382 1841 1463 1925 quis,
1478 1841 1524 1905 sic
1543 1839 1696 1918 iuuando,
1711 1848 1868 1922 prouocet

470 1953 559 2017 idem
572 1953 621 2016 ius
633 1953 666 2016 in
678 1973 815 2036 regnum
827 1974 932 2019 suum.
951 1957 1040 2038 quod
1050 1965 1149 2020 antea
1163 1952 1334 2019 Corinthii.
1358 1955 1459 2018 etiam
1470 1961 1583 2016 censet
1594 1951 1867 2029 Aristoteles,nec

470 2073 600 2146 patrem
615 2066 795 2129 amandum
811 2085 959 2148 prauum,
975 2087 1034 2130 nec
1050 2068 1229 2130 iuuandum
1245 2065 1369 2130 auxilio
1379 2063 1402 2131 ².
1448 2063 1602 2129 Ceterum
1625 2063 1689 2128 hoc
1707 2065 1750 2127 de
1772 2071 1867 2145 patre

470 2174 588 2238 salsum
614 2185 673 2240 est.
696 2184 732 2239 ut
756 2176 788 2238 in
812 2177 1035 2259 disputatione
1057 2179 1202 2261 quadam
1218 2177 1324 2243 docui.
1341 2186 1375 2241 et
1390 2175 1474 2242 sorte
1495 2185 1544 2240 est
1560 2175 1675 2254 uerius,
1693 2173 1825 2238 defendi
1847 2195 1868 2237 a

469 2287 564 2351 nobis
579 2308 677 2370 posse
693 2287 782 2352 bello
802 2286 863 2352 hos
880 2309 1021 2372 quoque,
1038 2290 1094 2372 qui
1112 2300 1188 2353 sunt
1203 2289 1321 2354 iniusti.
1376 2287 1413 2353 Si
1432 2287 1519 2351 enim
1538 2288 1659 2351 iustum
1678 2295 1728 2350 est
1743 2285 1867 2350 bellum

469 2400 559 2482 quod
571 2409 621 2464 est
635 2401 678 2466 ad
693 2400 843 2464 iniuriam
860 2400 1124 2483 propulsandam,
1140 2401 1201 2466 etsi
1212 2401 1246 2465 hi
1257 2401 1314 2486 qui
1326 2401 1475 2464 iniuriam
1490 2398 1685 2482 propulsant
1697 2397 1758 2480 ipsi
1775 2417 1867 2462 caus·

470 2531 542 2574 sam
554 2509 642 2574 bello
655 2511 832 2576 dederunt:
849 2512 980 2576 uidetur
991 2512 1079 2575 idem
1091 2533 1189 2594 posse
1200 2512 1354 2577 constitui
1367 2513 1399 2575 in
1411 2510 1601 2576 defensione
1612 2509 1760 2587 aliorum,
1767 2509 1868 2573 etiam

470 2621 687 2697 subditorum,
703 2630 838 2704 propter
853 2623 993 2686 eandem
1009 2623 1178 2688 rationem.
1224 2623 1275 2687 Ea
1290 2622 1414 2689 scilicet
1434 2631 1484 2686 est
1500 2622 1533 2686 in
1549 2619 1637 2685 bello
1652 2620 1816 2702 iniquitas,
1831 2627 1868 2683 ut

470 2733 558 2797 idem
577 2733 638 2796 sibi
656 2733 690 2796 in
713 2754 772 2799 sua
789 2753 904 2798 caussa
922 2734 971 2797 ius
993 2734 1091 2812 dicat,
1114 2745 1202 2799 certe
1222 2735 1330 2799 dicere
1350 2734 1439 2800 uelit.
1484 2734 1561 2817 Quo
1584 2741 1760 2816 praetextu
1783 2732 1867 2796 alius

471 2845 622 2927 princeps
637 2845 741 2927 possit
756 2845 916 2909 auxilium
932 2855 1046 2910 contra
1057 2845 1148 2920 ferre,
1165 2855 1201 2910 ut
1217 2847 1342 2911 ciuilius
1357 2865 1407 2910 res
1422 2847 1492 2910 sine
1507 2846 1606 2909 armis
1621 2855 1868 2928 componantur.

472 2956 580 3038 quue
597 2956 678 3023 illud
697 2966 755 3036 est,
770 2958 859 3040 quod
876 2957 1018 3040 Pyrrhus
1040 2957 1164 3022 auxilio
1182 2979 1285 3040 quum
1301 2959 1444 3024 uenisset
1459 2958 1647 3022 Tarentinis
1662 2967 1775 3022 contra
1799 2957 1867 3020 Ro-

472 3088 596 3144 manos,
609 3068 670 3132 hos
686 3069 813 3132 monuit
827 3069 925 3151 prius,
942 3078 979 3132 ut
994 3089 1053 3151 per
1066 3090 1160 3133 suam
1176 3090 1312 3152 operam
1331 3070 1572 3136 controuersiae
1590 3091 1664 3134 cum
1681 3069 1868 3134 Tarentinis

472 3181 621 3262 expediri
637 3180 761 3244 uellent
770 3179 792 3244 ³.
829 3179 923 3244 Licet
942 3201 1002 3244 nec
1017 3181 1127 3264 inique
1142 3181 1326 3246 auscultare
1341 3183 1408 3265 regi
1427 3182 1600 3248 noluerunt
1617 3181 1781 3247 Romani:
1809 3191 1867 3245 aut

470 3293 548 3376 quia
566 3293 688 3358 habere
703 3313 779 3356 eum
798 3302 987 3376 suspectum
1010 3293 1127 3357 merito
1143 3303 1328 3376 potuerunt,
1347 3295 1542 3360 accersitum
1560 3294 1604 3358 ab
1619 3292 1778 3373 hostibus,
1793 3313 1867 3358 cum

471 3403 621 3468 hostibus
632 3413 806 3483 armatum,
817 3424 877 3486 pro
888 3404 1039 3468 hostibus
1051 3424 1197 3487 pugnare
1208 3415 1408 3487 paratum‚et
1418 3403 1568 3471 hostibus
1579 3406 1867 3488 consanguineum.

472 3517 538 3600 Qui
554 3526 623 3582 stat
637 3537 712 3582 cum
727 3517 793 3580 alio
811 3526 965 3594 armatus,
983 3537 1082 3600 opem
1099 3517 1183 3581 ferre
1200 3519 1307 3582 eidem
1322 3519 1449 3598 dicitur,
1465 3526 1499 3584 et
1516 3517 1686 3582 auxilium.
1709 3537 1770 3582 nec
1785 3537 1867 3599 opus

471 3640 522 3694 est
543 3630 577 3693 in
600 3630 634 3694 id
657 3628 797 3712 probare
821 3631 911 3694 aliud
935 3631 1122 3713 quicquam.
1151 3631 1252 3694 etiam
1275 3631 1330 3713 qui
1354 3652 1390 3694 se
1411 3640 1526 3709 armat,
1549 3630 1702 3694 debello
1726 3630 1868 3694 creditur

470 3742 616 3823 cogitare
626 3738 647 3805 ⁴.
693 3739 793 3822 Quod
808 3742 837 3804 si
851 3741 952 3806 etiam
972 3743 1097 3807 amicus
1111 3743 1232 3806 inimici
1251 3743 1297 3806 sic
1317 3752 1487 3824 suspectus
1508 3751 1567 3820 est,
1582 3728 1659 3805 'uta
1679 3741 1868 3805 testimonio

470 3851 605 3916 serendo
616 3862 779 3916 arceatur:
795 3862 920 3934 quanto
933 3855 1037 3936 magis
1052 3855 1215 3918 arcebitur
1224 3875 1245 3918 a
1259 3854 1399 3918 dicenda
1410 3854 1572 3918 sententia
1582 3852 1605 3918 ⁶.
1628 3851 1769 3917 Facilius
1782 3853 1869 3916 enim

471 3965 517 4042 iit,
533 3972 569 4026 ut
580 3965 653 4046 quis
668 3965 701 4027 in
717 3974 844 4043 testem,
860 3985 960 4048 quarn
976 3966 1009 4028 in
1024 3965 1165 4030 iudicem
1181 3965 1354 4047 recipiatur
1363 3965 1385 4030 ⁶.
1428 3964 1569 4030 Amicus
1584 3965 1706 4029 inimici
1722 3966 1786 4028 mei
1802 3984 1868 4028 non

470 4076 584 4139 statim
615 4096 707 4140 meus
740 4077 934 4158 intelligitur
962 4077 1130 4141 inimicus:
1164 4087 1201 4140 ut
1230 4097 1290 4142 nec
1320 4078 1445 4142 amicus
1474 4079 1570 4142 amici
1601 4079 1666 4143 mei
1696 4098 1789 4143 meus
1819 4087 1868 4140 est

470 4185 628 4252 amicusi.
674 4185 742 4251 Sed
757 4187 899 4269 suspicio
915 4188 958 4252 de
973 4197 1112 4270 utroque
1127 4196 1177 4252 est
1193 4188 1298 4268 ualde,
1313 4197 1413 4272 atque
1428 4190 1471 4254 de
1489 4190 1596 4254 amico
1614 4190 1735 4255 inimici
1754 4189 1869 4271 magis.

551 4399 630 4450 'Sen
644 4400 694 4449 Ult.
705 4400 737 4450 de
749 4398 828 4450 senes.
839 4413 877 4465 19.
945 4398 1047 4450 'Arist
1059 4414 1082 4464 9.
1096 4399 1195 4462 Eth.2;
1212 4401 1271 4452 Cas.
1287 4401 1349 4451 nde
1361 4403 1407 4452 Sin.
1421 4405 1474 4454 Cer.
1485 4421 1508 4468 4.
1576 4403 1655 4454 ⁸1³1u.
1668 4403 1737 4468 Pyrr.
1749 4403 1786 4452 16.

774 4602 792 4676 Ἰ
801 4602 821 4699 li
830 4603 871 4712 47.Ι
881 4647 912 4699 de
923 4663 957 4699 re.
968 4600 1111 4713 inin-42..
1126 4604 1166 4713 1),;
1182 4647 1200 4699 l.
1214 4583 1251 4699 ai
1263 4651 1293 4702 C.
1305 4603 1407 4700 deinoi.
1419 4606 1455 4701 tei
1463 4579 1593 4715 (nimiis
1614 4604 1620 4617 ι
