4604 5562
502 699 543 765 92
984 692 1186 747 ALBERICI
1213 693 1413 747 GENTILIS

501 931 658 996 honestas
678 934 787 998 debet.
818 935 907 1016 quod
929 936 1082 1017 proximo
1103 936 1186 1000 libro
1205 957 1382 1019 exponam.
1429 936 1474 998 Et
1489 935 1568 1017 quid
1585 934 1778 998 rebelliones
1793 953 1900 1015 popu·

502 1043 608 1106 lorum
625 1027 724 1109 unam
746 1046 830 1110 hanc
850 1048 894 1110 ob
910 1067 1042 1111 causam
1065 1047 1235 1112 memoro?
1282 1049 1343 1111 illa
1362 1049 1588 1111 Romanorum
1605 1068 1624 1110 a
1641 1046 1793 1128 Superbo
1812 1052 1901 1109 nota.

502 1155 689 1238 ‘Superbia
711 1157 805 1221 bonis
829 1168 879 1221 est
902 1158 1097 1223 crudelitate
1118 1159 1258 1240 grauior.
1303 1158 1446 1223 Tamdiu
1471 1169 1582 1222 tamen
1605 1157 1791 1240 superbiam
1815 1154 1900 1236 regis

503 1267 667 1351 ‘populus
687 1268 860 1332 Romanus
875 1289 1049 1352 perpessus
1064 1280 1123 1348 est,
1140 1271 1246 1335 donec
1262 1270 1377 1333 aberat
1395 1270 1506 1334 libido.
1537 1268 1622 1332 hanc
1640 1289 1684 1332 ex
1703 1267 1812 1331 liberis
1831 1267 1900 1330 eius

502 1384 509 1411 ‘
525 1381 808 1463 importunitatem
821 1381 962 1448 tolerare
974 1405 1040 1448 non
1053 1383 1198 1468 potuit¹.'
1228 1385 1358 1466 Ecquid
1372 1385 1469 1466 igitur
1480 1383 1506 1446 sl
1520 1384 1619 1447 etiam
1633 1382 1808 1465 negligitur
1819 1380 1900 1444 haec

501 1493 659 1556 uindicari
682 1491 819 1558 iniuria?
843 1497 1075 1578 superadditus
1098 1506 1285 1560 contemtus
1300 1505 1369 1560 est:
1394 1495 1448 1577 qui
1473 1516 1532 1559 nec
1557 1495 1687 1558 modica
1705 1493 1820 1557 iniuria
1841 1500 1898 1556 est.

502 1604 549 1667 Et
570 1605 616 1668 ita
633 1604 755 1669 Strabo
776 1607 899 1685 recitat,
915 1608 1000 1670 iuste
1022 1607 1150 1671 illatum
1166 1605 1265 1670 fuisse
1284 1606 1407 1670 bellum
1428 1608 1610 1683 Messeniis,
1625 1606 1681 1688 qui
1698 1625 1763 1668 non
1780 1602 1900 1667 multa·
1975 1633 1983 1646 ·

501 1714 567 1780 rint
582 1716 835 1798 compellatores
855 1719 1059 1782 conuiciosos
1074 1717 1254 1782 alienarum
1270 1718 1444 1782 mulierum
1454 1717 1475 1781 ².
1522 1717 1642 1782 Iniuria
1657 1717 1771 1794 luerat,
1787 1714 1900 1798 appel·

502 1827 594 1906 lasse,
610 1849 695 1910 quae
716 1850 802 1894 nunc
822 1841 919 1894 aucta
939 1831 985 1894 sic
1006 1840 1056 1894 est
1066 1831 1088 1895 ³.
1135 1831 1180 1896 Et
1198 1830 1407 1913 Augustinus
1423 1832 1468 1895 sic
1484 1830 1646 1908 adfirmat,
1662 1830 1783 1893 iustum
1799 1827 1900 1890 luisse

503 1939 628 2002 bellum
652 1960 726 2003 cum
752 1939 942 2016 Sichimitis‚
965 1943 1021 2023 qui
1044 1951 1174 2006 tantam
1202 1943 1382 2006 intulerunt
1409 1943 1560 2005 iniuriam
1584 1941 1695 2005 iacobi
1719 1939 1801 2017 filiis,
1823 1959 1901 2002 con·

503 2051 665 2116 tamInata
695 2074 807 2117 eorum
839 2054 980 2120 sorore⁴.
1026 2055 1127 2138 Quod
1154 2057 1180 2118 si
1210 2055 1349 2119 Iacobus
1371 2063 1404 2118 et
1430 2055 1562 2138 spiritus
1590 2053 1653 2118 Dei
1683 2053 1749 2117 imo
1776 2051 1900 2115 bellum

503 2162 583 2227 illud
601 2164 774 2246 uituperat,
789 2164 891 2229 lateat
913 2165 966 2230 hic
987 2167 1110 2248 aliquid
1122 2167 1143 2231 ⁵.
1175 2175 1211 2230 ut
1232 2168 1320 2232 idem
1341 2168 1388 2230 ait
1408 2166 1627 2249 Augustinus.
1673 2167 1718 2230 Et
1738 2163 1819 2227 illud
1838 2163 1901 2227 hoc

505 2286 564 2352 est,
583 2277 672 2357 quod
700 2285 733 2340 et
758 2297 818 2359 per
843 2277 992 2342 fraudem
1019 2278 1160 2343 foederis
1186 2279 1311 2342 bellum
1334 2278 1490 2343 iecerint:
1526 2280 1661 2342 caedem
1688 2276 1841 2341 bellicam
1868 2276 1901 2338 in

504 2407 586 2469 pace
609 2389 821 2470 designarint.
852 2398 888 2453 ut
904 2391 936 2454 in
953 2390 1051 2453 simili
1066 2412 1143 2455 casu
1161 2391 1271 2455 Dauid
1283 2391 1303 2454 ⁶.
1338 2391 1561 2455 Excesserunt
1577 2410 1709 2473 quoque
1725 2388 1770 2451 illi
1786 2388 1902 2451 fratres

505 2498 610 2562 multo
638 2500 743 2564 iustae
768 2501 935 2566 uindictae
957 2503 1128 2568 rationem.
1184 2501 1276 2566 Audi
1303 2523 1378 2567 ecce
1405 2502 1505 2566 uerba
1533 2503 1654 2581 Iacobi,
1677 2501 1844 2575 ‘Simeom
1868 2508 1902 2562 et

505 2613 512 2658 ,⁸
528 2610 612 2674 Leui
627 2610 761 2677 iratres:
782 2613 999 2678 instrumenta
1015 2614 1193 2678 uiolentiae
1208 2615 1444 2678 conuentiones
1460 2634 1582 2678 eorum.
1604 2635 1664 2696 pro
1682 2614 1728 2677 ira
1744 2634 1803 2676 sua
1817 2611 1902 2675 occi·

505 2723 647 2788 ‘derunt
664 2725 768 2789 uiros:
793 2735 826 2790 et
847 2747 905 2809 pro
926 2727 1060 2792 arbitrio
1081 2748 1140 2790 suo
1161 2727 1353 2791 auulserunt
1372 2726 1486 2790 boues.
1518 2727 1694 2790 maledicta
1714 2726 1761 2788 ira
1780 2743 1902 2803 eorum,

506 2834 608 2916 ‘quia
630 2835 820 2912 uehemens,
844 2848 877 2901 et
900 2837 989 2900 furor
1011 2858 1123 2901 eorum
1147 2839 1224 2920 quia
1246 2837 1383 2902 saeuus!
1429 2838 1474 2900 Et
1500 2837 1733 2919 Hieronymus,
1755 2835 1903 2900 ‘Foede-

505 2948 618 3009 ‘ratos
640 2947 728 3011 uiros
751 2947 992 3024 interfecerunt,
1015 2960 1196 3031 contraque
1218 2950 1268 3012 ius
1291 2949 1389 3030 pacis,
1412 2958 1446 3012 et
1467 2949 1685 3012 amicitiarum
1708 2947 1902 3029 sanguinem

506 3056 683 3121 liuderunt
701 3058 918 3123 innocentem.
949 3070 982 3123 et
999 3062 1092 3142 quasi
1108 3061 1254 3141 quodam
1274 3059 1382 3122 furore
1402 3059 1449 3123 sic
1468 3059 1662 3122 crudelitate
1684 3059 1769 3140 rapti
1793 3076 1904 3120 muros

505 3167 680 3252 ‘hospitae
703 3171 791 3233 urbis
814 3167 1009 3236 euertunt⁷.'
1055 3171 1253 3235 Innocentes
1276 3180 1387 3233 autem
1411 3171 1473 3233 iste
1494 3169 1658 3234 intellexit
1675 3178 1733 3233 aut
1756 3189 1822 3232 non
1845 3169 1904 3231 ob·
1944 3207 1947 3214 ·

506 3281 638 3345 strictos
653 3282 698 3345 illi
715 3276 998 3361 contaminationi,
1012 3291 1069 3346 aut
1085 3282 1186 3346 etiam
1201 3302 1318 3345 omnes
1334 3293 1409 3363 post
1425 3283 1643 3364 compositam
1659 3302 1784 3364 pacem.
1814 3281 1903 3343 Nam

505 3403 604 3458 antea
627 3403 720 3458 erant
743 3405 919 3460 nocentes:
946 3405 1060 3458 contra
1079 3414 1162 3477 quos
1185 3403 1219 3457 et
1242 3415 1313 3458 esse
1336 3394 1459 3457 bellum
1480 3403 1618 3477 poterat.
1664 3395 1709 3458 Et
1728 3395 1773 3458 sic
1792 3395 1904 3475 itaque

506 3506 594 3569 idem
617 3505 827 3589 Augustinus
850 3528 893 3570 ex
917 3527 1056 3590 persona
1079 3506 1236 3570 ecclesiae
1259 3515 1372 3570 contra
1396 3527 1610 3588 synagogam,
1632 3507 1817 3570 ‘latronum
1841 3506 1903 3568 ritu

506 3619 666 3698 ‘uastasti
689 3620 880 3683 innocentes
903 3615 1137 3683 Sichimitas⁸.'
1183 3619 1260 3681 Fuit
1282 3618 1405 3682 bellum
1431 3618 1651 3681 israelitarum
1678 3628 1793 3681 contra
1816 3615 1906 3678 Bini-

506 3731 661 3794 aminitas
699 3732 838 3795 eandem
871 3731 915 3796 ob
949 3751 1101 3794 caussam
1138 3731 1290 3807 uiolatae,
1321 3750 1382 3794 nec
1409 3729 1596 3793 uindicatae
1627 3729 1778 3806 mulieris,
1804 3737 1905 3809 atque

506 3841 631 3904 bellum
649 3863 706 3905 ore
722 3841 786 3906 Dei
802 3850 917 3905 sancto
935 3842 1121 3924 probatum,
1138 3851 1172 3905 et
1194 3851 1325 3923 gestum
1344 3841 1419 3905 lorti
1439 3862 1538 3905 manu
1558 3842 1639 3906 est⁹.

551 3951 619 4016 Sed
639 3961 716 4015 sunt
734 3952 883 4034 aliaeque
903 3973 1039 4015 caussae
1059 3951 1241 4016 bellorum:
1267 3972 1349 4033 quas
1364 3972 1480 4015 omnes
1500 3961 1558 4016 aut
1578 3951 1738 4034 persequi,
1753 3960 1811 4015 aut
1827 3971 1905 4013 enu-

508 4084 633 4126 merare
644 4063 779 4143 longum
791 4063 882 4126 soret.
921 4064 1028 4126 Narro
1041 4063 1073 4125 in
1089 4063 1235 4126 secundo
1248 4062 1330 4126 libro
1340 4065 1383 4126 de
1394 4064 1494 4126 armis
1508 4065 1676 4141 Romanis,
1688 4084 1773 4146 quae
1787 4062 1905 4126 horum

506 4172 626 4237 suerint
640 4193 756 4237 omnes
771 4174 929 4237 bellorum
953 4193 1098 4238 caussae.
1144 4172 1305 4237 Traianus
1321 4174 1444 4237 bellum
1467 4186 1581 4239 contra
1600 4195 1710 4258 regem
1726 4173 1906 4238 Armeniae

568 4414 576 4443 ¹
592 4415 660 4464 Flor.
673 4413 716 4463 lib.
731 4427 752 4465 ι.
765 4430 787 4464 c.
800 4423 822 4476 7.
888 4413 898 4443 ²
914 4413 963 4464 Str.
975 4413 1019 4463 lib.
1032 4413 1055 4464 8.
1068 4431 1089 4464 c.
1101 4431 1131 4478 4;
1149 4415 1219 4465 lusti.
1234 4415 1277 4464 lib.
1290 4431 1313 4477 3.
1325 4432 1346 4465 c.
1360 4436 1383 4477 4.
1449 4419 1458 4446 ³
1475 4417 1492 4466 l.
1508 4431 1544 4481 15.
1556 4419 1587 4467 de
1599 4418 1670 4468 iniur.
1684 4418 1730 4482 (D.
1743 4427 1781 4481 37.
1798 4419 1846 4480 ro).

702 4496 712 4526 ⁴
728 4495 794 4560 Aug.
807 4495 853 4545 Ge.
867 4513 890 4561 q.
905 4497 959 4558 167.
1123 4497 1133 4527 ⁶
1150 4497 1213 4546 Gen.
1226 4513 1271 4561 49:
1290 4499 1347 4548 Ose.
1359 4499 1383 4548 6.
1548 4500 1558 4529 ⁸
1577 4515 1598 4550 1.
1610 4501 1671 4564 Reg.
1687 4515 1708 4551 a.

645 4577 654 4607 '
674 4578 744 4628 Hier.
756 4594 780 4644 q.
793 4577 856 4627 Gen.
869 4593 890 4628 c.
903 4594 943 4642 49.
955 4595 978 4628 v.
990 4592 1012 4642 5.
1145 4581 1154 4608 ⁸
1171 4581 1202 4629 A.
1215 4581 1267 4630 Ait.
1280 4581 1338 4632 Ecc.
1350 4591 1377 4632 et
1388 4583 1445 4644 Syn.
1578 4583 1588 4612 ⁹
1604 4583 1659 4633 Iud.
1674 4595 1711 4648 19.
1723 4595 1773 4646 seq.
