4456 5566
713 719 774 773 ure
802 717 905 774 rora
933 719 1067 792 arzer,
1095 719 1175 776 rra.
1197 720 1223 792 r,
1254 719 1342 776 [ΑΡ.
1364 720 1420 776 rrr.

970 1093 1058 1169 cre.
1091 1093 1163 1200 rer.

468 1301 509 1375 A
515 1327 540 1374 n
563 1298 702 1374 subditi
726 1298 854 1372 bellent
877 1305 1005 1371 contra
1021 1297 1230 1395 principem
1254 1322 1449 1372 excomm
1474 1295 1670 1395 religionis.

412 1505 516 1589 QUID
545 1523 623 1568 uero
652 1501 679 1566 si
710 1501 862 1585 princeps
892 1512 1019 1566 mutare
1045 1501 1237 1585 religionem
1263 1501 1404 1566 subditis
1433 1501 1513 1566 uelit
1542 1503 1686 1583 omnino,
1708 1513 1766 1570 aut

371 1617 537 1700 antiquam
560 1624 725 1698 receptam
746 1612 907 1678 retinere?
961 1614 1007 1677 Et
1029 1614 1204 1696 probatum
1227 1613 1307 1677 mihi
1330 1622 1389 1692 est,
1406 1613 1531 1678 bellum
1553 1634 1621 1678 non
1643 1615 1764 1679 iustum

369 1751 389 1794 a
406 1728 544 1793 subditis
562 1747 634 1791 esse
653 1727 688 1790 in
708 1725 888 1808 principem
907 1746 1002 1789 suum
1022 1725 1084 1790 hic.
1130 1723 1176 1790 Et
1195 1725 1300 1790 multo
1319 1725 1434 1804 minus,
1453 1725 1480 1788 si
1498 1725 1579 1788 nihil
1601 1725 1671 1808 ipse
1688 1728 1764 1791 sub-

369 1841 445 1905 ditis
469 1838 687 1923 praescribat:
719 1846 753 1900 at
779 1836 841 1900 sibi
865 1845 922 1900 aut
947 1845 1062 1915 mutat,
1082 1845 1139 1900 aut
1165 1836 1283 1900 retinet
1307 1836 1507 1920 religionem.
1551 1836 1651 1919 Quod
1675 1838 1763 1902 enim

368 1952 429 2016 sibi
455 1949 597 2033 populus
622 1949 690 2013 fieri
717 1947 829 2026 nollet,
847 1956 880 2012 et
906 1967 966 2011 nos
993 1948 1148 2028 diximus,
1169 1947 1238 2012 fieri
1264 1947 1388 2031 populo
1414 1967 1480 2012 non
1506 1957 1665 2031 oportere,
1687 1949 1721 2014 id
1744 1971 1765 2014 a

368 2062 489 2145 populo
512 2082 572 2126 nec
591 2060 658 2140 fiet,
676 2081 737 2124 rrec
759 2059 859 2125 debet
882 2058 1019 2142 principi
1042 2058 1120 2124 fieri.
1166 2059 1420 2143 ‘Unusquisque
1442 2059 1606 2142 patienter
1626 2059 1718 2141 ferat,
1736 2061 1764 2125 si

369 2177 376 2205 ‘
391 2193 454 2238 non
472 2182 707 2256 extorqueatur
723 2170 922 2255 imperatori,
937 2171 1027 2253 quod
1047 2169 1199 2234 modeste
1214 2169 1312 2235 ferret
1327 2171 1354 2234 si
1370 2171 1399 2235 ei
1416 2180 1613 2254 extorquere
1631 2183 1764 2257 cuperet

369 2283 599 2368 ‘imperatorz'
621 2293 655 2348 et
673 2293 781 2348 cetera
796 2282 858 2346 hac
873 2282 916 2346 de
934 2302 969 2345 re
985 2281 1185 2346 Ambrosius
1194 2280 1215 2345 ¹.
1259 2282 1377 2366 Neque
1395 2291 1508 2347 tamen
1526 2284 1691 2366 exempla,
1706 2295 1764 2350 aut

368 2397 508 2460 rationes
531 2395 566 2458 in
589 2393 786 2459 contrarium
809 2394 937 2458 desunt.
993 2392 1128 2457 Etenim
1152 2392 1179 2456 si
1202 2402 1338 2475 propter
1359 2394 1527 2458 desertum
1550 2395 1674 2460 cultum
1698 2398 1762 2462 Dei

367 2527 485 2590 arege,
501 2506 588 2572 mala
606 2506 737 2589 populis
758 2504 943 2588 contigisse,
961 2513 1094 2568 narrant
1114 2502 1187 2567 libri
1210 2503 1333 2570 sacri²r
1364 2515 1407 2585 et,
1423 2505 1605 2589 ‘Quicquid
1621 2507 1764 2573 delirant

369 2622 492 2702 ‘reges,
507 2618 695 2702 plectuntur
709 2611 852 2682 Achiui.³
888 2614 978 2698 Quid
1002 2635 1068 2680 non
1095 2635 1131 2679 se
1153 2615 1335 2680 defendant
1361 2616 1485 2680 subditi
1508 2626 1623 2682 contra
1644 2619 1763 2701 princi-

368 2728 464 2813 pem?
512 2730 558 2796 Et
584 2728 765 2813 principem
789 2747 855 2790 non
880 2734 1001 2809 cogent
1025 2726 1059 2789 irr
1083 2726 1208 2790 cultum
1232 2727 1337 2791 diuini
1361 2725 1525 2792 numinis?
1573 2729 1695 2810 Etiam,
1718 2730 1762 2794 ‘si

367 2841 461 2925 ‘quis
476 2843 519 2906 de
536 2841 661 2924 populo
676 2840 795 2919 deuiat,
810 2838 899 2902 solus
917 2838 1022 2920 perit:
1045 2858 1159 2902 uerum
1178 2838 1337 2922 Principis
1356 2857 1445 2904 error
1463 2840 1584 2904 multos
1602 2841 1762 2922 inuoluit;

368 2956 422 3018 ‘et
437 2953 539 3018 tantis
553 2954 656 3032 obest,
671 2951 802 3036 quantis
817 2949 965 3034 praeest!
1009 2951 1098 3033 quod
1115 2949 1270 3033 Princeps
1285 2951 1328 3015 ad
1348 2950 1533 3034 Principem
1553 2953 1676 3033 scribit,
1694 2955 1763 3020 dic·

367 3073 457 3130 tante
473 3065 640 3129 Bernardo
650 3063 674 3130 ³.
719 3062 834 3128 Cicero
853 3071 964 3128 autem
980 3061 1181 3145 elegantius:
1206 3063 1295 3127 ‘Nec
1311 3071 1442 3128 tantum
1461 3064 1538 3128 mali
1558 3074 1608 3129 est
1625 3086 1761 3148 peccare
1841 3085 1844 3090 ·

366 3176 564 3258 ‘Principeq
581 3185 741 3258 quantum
763 3174 855 3253 illud,
872 3174 966 3256 quod
985 3172 1139 3256 permulti
1162 3173 1263 3238 etiam
1286 3173 1468 3239 imitatores
1491 3174 1679 3259 Principum
1702 3197 1761 3241 ex·

367 3287 508 3367 ‘istunt,'
530 3286 616 3352 etc.⁴
660 3285 793 3369 Bulgari
816 3295 930 3351 contra
951 3305 1063 3368 regem
1090 3304 1186 3349 suum
1213 3295 1388 3364 armantur,
1410 3287 1465 3370 qui
1492 3286 1598 3352 lactus
1624 3287 1761 3352 Christi-

366 3419 445 3464 anus
470 3399 586 3464 luisset
595 3399 619 3462 ⁶.
671 3398 923 3463 Adiabenorum
952 3406 1104 3480 satrapae
1133 3405 1258 3479 petunt,
1283 3397 1350 3480 regi
1377 3418 1437 3461 suo
1467 3419 1487 3462 a
1517 3398 1624 3462 Persis
1653 3399 1760 3463 inferri

367 3511 507 3576 bellum:
537 3510 615 3594 quia
637 3509 742 3575 iactus
766 3510 917 3589 Iudaeus,
939 3508 1080 3591 patriam
1102 3507 1294 3591 religionem
1317 3508 1497 3573 deseruerit
1506 3509 1527 3573 ⁰.
1573 3509 1663 3593 Quid
1686 3531 1760 3576 nar·

366 3643 432 3688 rem
463 3622 640 3688 maledicta
668 3622 703 3685 in
732 3620 895 3686 Alexium
926 3617 1178 3685 Comnenum⁷?
1223 3620 1268 3683 Et
1298 3619 1471 3684 seditiosas
1496 3640 1595 3684 uoces
1620 3621 1700 3685 olim
1727 3623 1760 3686 in

367 3734 529 3802 Francum
555 3731 689 3818 regem?
711 3733 767 3817 qui
794 3731 991 3798 desciuerint
1015 3752 1037 3795 a
1062 3740 1194 3814 recepta
1220 3730 1397 3814 religione:
1421 3739 1456 3796 et
1481 3731 1589 3796 minus
1615 3732 1660 3815 pii
1684 3754 1761 3817 erga

367 3845 474 3912 Deum
501 3846 561 3911 nisi
584 3844 725 3909 subditis
747 3841 856 3909 sunt⁸.
901 3841 1021 3908 Uiden’
1043 3843 1207 3906 Francisci
1230 3843 1415 3925 praesentia
1438 3843 1534 3922 bella,
1553 3841 1617 3909 hoc
1641 3846 1760 3910 eodem

367 3959 465 4023 modo
486 3967 653 4022 commota
671 3977 691 4020 a
709 3956 822 4021 multis
845 3953 973 4018 Galliae
994 3963 1027 4018 et
1047 3953 1235 4019 ciuitatibus
1254 3963 1288 4018 et
1307 3954 1472 4019 nobilibus
1494 3956 1653 4021 aduersus
1672 3956 1761 4024 hunc

366 4066 548 4135 Henricum
578 4076 740 4152 quartum,
767 4087 866 4150 quem
893 4065 1030 4130 tandem
1052 4074 1087 4131 et
1109 4066 1225 4130 uident
1248 4086 1326 4130 suae
1347 4065 1535 4151 religionis?
1588 4068 1761 4135 Romanus

366 4180 527 4248 exercitus
553 4180 790 4263 obsequentior
820 4179 1001 4254 Iouiniano,
1027 4176 1190 4242 recusanti
1217 4177 1365 4242 delatum
1396 4179 1578 4263 imperium,
1604 4182 1760 4264 quoniam

428 4453 542 4505 'Amba
553 4453 625 4522 epist.
638 4467 678 4518 54.
771 4453 938 4504 'rChr.28.
1035 4453 1133 4503 ’Berrr
1144 4451 1216 4518 epist.
1231 4462 1285 4515 ιη.
1385 4451 1465 4514 ‘Cic
1478 4466 1501 4514 3.
1512 4451 1543 4502 de
1555 4451 1692 4517 region„

485 4535 791 4594 ⁸Zon.16.c.r;Cedr.
875 4535 962 4585 ⁸Zon.
1024 4531 1163 4590 ‚¹Nioetr
1176 4535 1212 4599 (p.
1225 4547 1272 4598 ²3²
1285 4534 1327 4596 B).
1405 4533 1636 4595 'P.Aem.lib.5.
