<?xml version="1.0" encoding="UTF-8"?>
<!DOCTYPE html PUBLIC "-//W3C//DTD XHTML 1.0 Transitional//EN"
    "http://www.w3.org/TR/xhtml1/DTD/xhtml1-transitional.dtd">
<html xmlns="http://www.w3.org/1999/xhtml" xml:lang="en" lang="en">
 <head>
  <title>
</title>
<meta http-equiv="Content-Type" content="text/html;charset=utf-8" />
  <meta name='ocr-system' content='tesseract 3.04.00' />
  <meta name='ocr-capabilities' content='ocr_page ocr_carea ocr_par ocr_line ocrx_word'/>
</head>
<body>
  <div class='ocr_page' id='page_1' title='image "albericigentili01gentgoog_0165.png"; bbox 0 0 4604 5562; ppageno 0'>
   <div class='ocr_carea' id='block_1_1' title="bbox 493 678 1404 758">
    <p class='ocr_par' dir='ltr' id='par_1_1' title="bbox 493 678 1404 758">
     <span class='ocr_line' id='line_1_1' title="bbox 493 678 1404 758; baseline -0.003 -24"><span class='ocrx_word' id='word_1_1' title='bbox 493 693 554 758; x_wconf 83' lang='lat'><strong>132</strong></span> <span class='ocrx_word' id='word_1_2' title='bbox 974 679 1176 734; x_wconf 83' lang='lat' dir='ltr'><em>ALBERICI</em></span> <span class='ocrx_word' id='word_1_3' title='bbox 1204 678 1404 735; x_wconf 86' lang='lat' dir='ltr'><strong>GENTILIS</strong></span> 
     </span>
    </p>
   </div>
   <div class='ocr_carea' id='block_1_2' title="bbox 481 921 1936 4343">
    <p class='ocr_par' dir='ltr' id='par_1_2' title="bbox 485 921 1888 1901">
     <span class='ocr_line' id='line_1_2' title="bbox 489 921 1887 1011; baseline -0.004 -22"><span class='ocrx_word' id='word_1_4' title='bbox 489 927 613 992; x_wconf 90' lang='lat' dir='ltr'><strong>bellum</strong></span> <span class='ocrx_word' id='word_1_5' title='bbox 636 947 702 992; x_wconf 90' lang='lat' dir='ltr'><strong>non</strong></span> <span class='ocrx_word' id='word_1_6' title='bbox 724 937 864 1010; x_wconf 82' lang='lat' dir='ltr'><strong>oportet,</strong></span> <span class='ocrx_word' id='word_1_7' title='bbox 886 928 977 1011; x_wconf 94' lang='lat' dir='ltr'><strong>quod</strong></span> <span class='ocrx_word' id='word_1_8' title='bbox 999 923 1202 991; x_wconf 89' lang='lat' dir='ltr'><strong>resumitur¹.</strong></span> <span class='ocrx_word' id='word_1_9' title='bbox 1246 923 1348 1008; x_wconf 86' lang='lat' dir='ltr'><strong>Quod</strong></span> <span class='ocrx_word' id='word_1_10' title='bbox 1371 925 1399 988; x_wconf 90' lang='lat' dir='ltr'><strong>si</strong></span> <span class='ocrx_word' id='word_1_11' title='bbox 1421 934 1532 988; x_wconf 90' lang='lat' dir='ltr'><strong>autern</strong></span> <span class='ocrx_word' id='word_1_12' title='bbox 1555 921 1679 986; x_wconf 91' lang='lat' dir='ltr'><strong>bellurn</strong></span> <span class='ocrx_word' id='word_1_13' title='bbox 1706 941 1887 1004; x_wconf 88' lang='lat' dir='ltr'><strong>numquam</strong></span> 
     </span>
     <span class='ocr_line' id='line_1_3' title="bbox 488 1033 1888 1121; baseline -0.001 -21"><span class='ocrx_word' id='word_1_14' title='bbox 488 1037 612 1117; x_wconf 91' lang='lat' dir='ltr'><strong>fuisset,</strong></span> <span class='ocrx_word' id='word_1_15' title='bbox 627 1049 661 1104; x_wconf 91' lang='lat' dir='ltr'><strong>et</strong></span> <span class='ocrx_word' id='word_1_16' title='bbox 682 1039 710 1102; x_wconf 90' lang='lat' dir='ltr'><strong>si</strong></span> <span class='ocrx_word' id='word_1_17' title='bbox 733 1049 848 1121; x_wconf 88' lang='lat' dir='ltr'><strong>parata</strong></span> <span class='ocrx_word' id='word_1_18' title='bbox 871 1038 1023 1121; x_wconf 89' lang='lat' dir='ltr'><strong>utrinque</strong></span> <span class='ocrx_word' id='word_1_19' title='bbox 1045 1037 1183 1102; x_wconf 86' lang='lat' dir='ltr'><strong>fuissent</strong></span> <span class='ocrx_word' id='word_1_20' title='bbox 1205 1037 1249 1100; x_wconf 91' lang='lat' dir='ltr'><strong>ad</strong></span> <span class='ocrx_word' id='word_1_21' title='bbox 1271 1034 1395 1100; x_wconf 86' lang='lat' dir='ltr'><strong>bellurn</strong></span> <span class='ocrx_word' id='word_1_22' title='bbox 1417 1035 1537 1108; x_wconf 83' lang='lat' dir='ltr'><strong>omnia,</strong></span> <span class='ocrx_word' id='word_1_23' title='bbox 1554 1043 1588 1098; x_wconf 89' lang='lat' dir='ltr'><strong>et</strong></span> <span class='ocrx_word' id='word_1_24' title='bbox 1605 1055 1646 1098; x_wconf 86' lang='lat' dir='ltr'><strong>ea</strong></span> <span class='ocrx_word' id='word_1_25' title='bbox 1662 1033 1779 1098; x_wconf 89' lang='lat' dir='ltr'><strong>dilatio</strong></span> <span class='ocrx_word' id='word_1_26' title='bbox 1799 1043 1888 1098; x_wconf 87' lang='lat' dir='ltr'><strong>esset</strong></span> 
     </span>
     <span class='ocr_line' id='line_1_4' title="bbox 488 1145 1888 1232; baseline -0.003 -20"><span class='ocrx_word' id='word_1_27' title='bbox 488 1149 683 1232; x_wconf 88' lang='lat' dir='ltr'><strong>interposita</strong></span> <span class='ocrx_word' id='word_1_28' title='bbox 698 1150 767 1214; x_wconf 90' lang='lat' dir='ltr'><strong>eius</strong></span> <span class='ocrx_word' id='word_1_29' title='bbox 782 1151 885 1232; x_wconf 89' lang='lat' dir='ltr'><strong>pacti:</strong></span> <span class='ocrx_word' id='word_1_30' title='bbox 904 1149 1086 1214; x_wconf 88' lang='lat' dir='ltr'><strong>necessaria</strong></span> <span class='ocrx_word' id='word_1_31' title='bbox 1100 1149 1184 1212; x_wconf 85' lang='lat' dir='ltr'><strong>foret</strong></span> <span class='ocrx_word' id='word_1_32' title='bbox 1200 1147 1336 1211; x_wconf 86' lang='lat' dir='ltr'><strong>indictio</strong></span> <span class='ocrx_word' id='word_1_33' title='bbox 1348 1146 1441 1210; x_wconf 91' lang='lat' dir='ltr'><strong>finito</strong></span> <span class='ocrx_word' id='word_1_34' title='bbox 1452 1145 1598 1210; x_wconf 91' lang='lat' dir='ltr'><strong>biennio:</strong></span> <span class='ocrx_word' id='word_1_35' title='bbox 1617 1145 1775 1227; x_wconf 89' lang='lat' dir='ltr'><strong>quoniam</strong></span> <span class='ocrx_word' id='word_1_36' title='bbox 1787 1146 1888 1210; x_wconf 88' lang='lat' dir='ltr'><strong>uerba</strong></span> 
     </span>
     <span class='ocr_line' id='line_1_5' title="bbox 488 1256 1887 1344; baseline -0.004 -20"><span class='ocrx_word' id='word_1_37' title='bbox 488 1261 576 1342; x_wconf 90' lang='lat' dir='ltr'><strong>pacti</strong></span> <span class='ocrx_word' id='word_1_38' title='bbox 595 1262 750 1344; x_wconf 86' lang='lat' dir='ltr'><strong>negantia</strong></span> <span class='ocrx_word' id='word_1_39' title='bbox 768 1271 801 1325; x_wconf 92' lang='lat' dir='ltr'><strong>et</strong></span> <span class='ocrx_word' id='word_1_40' title='bbox 822 1270 955 1342; x_wconf 88' lang='lat' dir='ltr'><strong>tempus</strong></span> <span class='ocrx_word' id='word_1_41' title='bbox 973 1259 1053 1324; x_wconf 91' lang='lat' dir='ltr'><strong>nihil</strong></span> <span class='ocrx_word' id='word_1_42' title='bbox 1071 1260 1260 1342; x_wconf 90' lang='lat' dir='ltr'><strong>disponunt,</strong></span> <span class='ocrx_word' id='word_1_43' title='bbox 1279 1268 1316 1323; x_wconf 91' lang='lat' dir='ltr'><strong>ut</strong></span> <span class='ocrx_word' id='word_1_44' title='bbox 1337 1259 1385 1322; x_wconf 89' lang='lat' dir='ltr'><strong>ait</strong></span> <span class='ocrx_word' id='word_1_45' title='bbox 1408 1257 1541 1322; x_wconf 91' lang='lat' dir='ltr'><strong>Baldus.</strong></span> <span class='ocrx_word' id='word_1_46' title='bbox 1587 1256 1774 1340; x_wconf 86' lang='lat' dir='ltr'><strong>Utrobique</strong></span> <span class='ocrx_word' id='word_1_47' title='bbox 1793 1256 1887 1320; x_wconf 88' lang='lat' dir='ltr'><strong>bene.</strong></span> 
     </span>
     <span class='ocr_line' id='line_1_6' title="bbox 489 1367 1887 1455; baseline -0.003 -21"><span class='ocrx_word' id='word_1_48' title='bbox 489 1371 535 1436; x_wconf 91' lang='lat' dir='ltr'><strong>Et</strong></span> <span class='ocrx_word' id='word_1_49' title='bbox 559 1373 646 1455; x_wconf 90' lang='lat' dir='ltr'><strong>prior</strong></span> <span class='ocrx_word' id='word_1_50' title='bbox 669 1393 764 1438; x_wconf 84' lang='lat' dir='ltr'><strong>casus</strong></span> <span class='ocrx_word' id='word_1_51' title='bbox 788 1372 992 1436; x_wconf 85' lang='lat' dir='ltr'><strong>induciarum</strong></span> <span class='ocrx_word' id='word_1_52' title='bbox 1016 1382 1086 1436; x_wconf 89' lang='lat' dir='ltr'><strong>est:</strong></span> <span class='ocrx_word' id='word_1_53' title='bbox 1116 1392 1202 1454; x_wconf 91' lang='lat' dir='ltr'><strong>quae</strong></span> <span class='ocrx_word' id='word_1_54' title='bbox 1225 1370 1307 1435; x_wconf 88' lang='lat' dir='ltr'><strong>illud</strong></span> <span class='ocrx_word' id='word_1_55' title='bbox 1331 1370 1464 1448; x_wconf 88' lang='lat' dir='ltr'><strong>habent,</strong></span> <span class='ocrx_word' id='word_1_56' title='bbox 1488 1370 1566 1434; x_wconf 90' lang='lat' dir='ltr'><strong>inde</strong></span> <span class='ocrx_word' id='word_1_57' title='bbox 1589 1391 1610 1434; x_wconf 90' lang='lat' dir='ltr'><strong>a</strong></span> <span class='ocrx_word' id='word_1_58' title='bbox 1633 1369 1698 1432; x_wconf 85' lang='lat' dir='ltr'><strong>fine</strong></span> <span class='ocrx_word' id='word_1_59' title='bbox 1721 1388 1834 1432; x_wconf 90' lang='lat' dir='ltr'><strong>earum</strong></span> <span class='ocrx_word' id='word_1_60' title='bbox 1854 1367 1887 1430; x_wconf 92' lang='lat' dir='ltr'><strong>ui</strong></span> 
     </span>
     <span class='ocr_line' id='line_1_7' title="bbox 485 1481 1888 1566; baseline 0 -22"><span class='ocrx_word' id='word_1_61' title='bbox 485 1483 553 1546; x_wconf 89' lang='lat' dir='ltr'><strong>iam</strong></span> <span class='ocrx_word' id='word_1_62' title='bbox 571 1485 710 1566; x_wconf 82' lang='lat' dir='ltr'><strong>pugnari</strong></span> <span class='ocrx_word' id='word_1_63' title='bbox 731 1503 838 1566; x_wconf 88' lang='lat' dir='ltr'><strong>posse.</strong></span> <span class='ocrx_word' id='word_1_64' title='bbox 885 1483 930 1548; x_wconf 92' lang='lat' dir='ltr'><strong>Et</strong></span> <span class='ocrx_word' id='word_1_65' title='bbox 950 1484 996 1548; x_wconf 90' lang='lat' dir='ltr'><strong>ita</strong></span> <span class='ocrx_word' id='word_1_66' title='bbox 1015 1483 1083 1547; x_wconf 89' lang='lat' dir='ltr'><strong>fieri</strong></span> <span class='ocrx_word' id='word_1_67' title='bbox 1103 1483 1253 1547; x_wconf 88' lang='lat' dir='ltr'><strong>uidemus</strong></span> <span class='ocrx_word' id='word_1_68' title='bbox 1273 1502 1340 1546; x_wconf 93' lang='lat' dir='ltr'><strong>non</strong></span> <span class='ocrx_word' id='word_1_69' title='bbox 1359 1482 1460 1546; x_wconf 90' lang='lat' dir='ltr'><strong>modo</strong></span> <span class='ocrx_word' id='word_1_70' title='bbox 1478 1482 1512 1545; x_wconf 92' lang='lat' dir='ltr'><strong>in</strong></span> <span class='ocrx_word' id='word_1_71' title='bbox 1530 1481 1748 1544; x_wconf 80' lang='lat' dir='ltr'><strong>castrensibus</strong></span> <span class='ocrx_word' id='word_1_72' title='bbox 1766 1499 1888 1562; x_wconf 89' lang='lat' dir='ltr'><strong>pauco·</strong></span> 
     </span>
     <span class='ocr_line' id='line_1_8' title="bbox 487 1591 1887 1674; baseline -0.003 -16"><span class='ocrx_word' id='word_1_73' title='bbox 487 1615 559 1658; x_wconf 91' lang='lat' dir='ltr'><strong>rum</strong></span> <span class='ocrx_word' id='word_1_74' title='bbox 577 1596 705 1659; x_wconf 91' lang='lat' dir='ltr'><strong>dierum</strong></span> <span class='ocrx_word' id='word_1_75' title='bbox 723 1595 871 1674; x_wconf 90' lang='lat' dir='ltr'><strong>induciis,</strong></span> <span class='ocrx_word' id='word_1_76' title='bbox 887 1596 945 1660; x_wconf 89' lang='lat' dir='ltr'><strong>sed</strong></span> <span class='ocrx_word' id='word_1_77' title='bbox 965 1597 999 1658; x_wconf 94' lang='lat' dir='ltr'><strong>in</strong></span> <span class='ocrx_word' id='word_1_78' title='bbox 1018 1595 1124 1658; x_wconf 90' lang='lat' dir='ltr'><strong>multo</strong></span> <span class='ocrx_word' id='word_1_79' title='bbox 1141 1595 1242 1658; x_wconf 87' lang='lat' dir='ltr'><strong>etiarn</strong></span> <span class='ocrx_word' id='word_1_80' title='bbox 1261 1593 1470 1674; x_wconf 89' lang='lat' dir='ltr'><strong>longioribus.</strong></span> <span class='ocrx_word' id='word_1_81' title='bbox 1515 1593 1561 1656; x_wconf 91' lang='lat' dir='ltr'><strong>Et</strong></span> <span class='ocrx_word' id='word_1_82' title='bbox 1579 1613 1657 1674; x_wconf 87' lang='lat' dir='ltr'><strong>ergo</strong></span> <span class='ocrx_word' id='word_1_83' title='bbox 1674 1591 1799 1656; x_wconf 89' lang='lat' dir='ltr'><strong>bellurn</strong></span> <span class='ocrx_word' id='word_1_84' title='bbox 1818 1591 1887 1655; x_wconf 90' lang='lat' dir='ltr'><strong>fieri</strong></span> 
     </span>
     <span class='ocr_line' id='line_1_9' title="bbox 486 1703 1887 1790; baseline -0.001 -18"><span class='ocrx_word' id='word_1_85' title='bbox 486 1715 632 1772; x_wconf 86' lang='lat' dir='ltr'><strong>exeunte</strong></span> <span class='ocrx_word' id='word_1_86' title='bbox 652 1706 769 1770; x_wconf 87' lang='lat' dir='ltr'><strong>harum</strong></span> <span class='ocrx_word' id='word_1_87' title='bbox 789 1727 923 1790; x_wconf 88' lang='lat' dir='ltr'><strong>quoque</strong></span> <span class='ocrx_word' id='word_1_88' title='bbox 942 1707 1127 1789; x_wconf 90' lang='lat' dir='ltr'><strong>longiorum</strong></span> <span class='ocrx_word' id='word_1_89' title='bbox 1150 1706 1212 1784; x_wconf 89' lang='lat' dir='ltr'><strong>die,</strong></span> <span class='ocrx_word' id='word_1_90' title='bbox 1229 1705 1391 1781; x_wconf 87' lang='lat' dir='ltr'><strong>audimus,</strong></span> <span class='ocrx_word' id='word_1_91' title='bbox 1413 1725 1520 1786; x_wconf 88' lang='lat' dir='ltr'><strong>neque</strong></span> <span class='ocrx_word' id='word_1_92' title='bbox 1537 1705 1601 1768; x_wconf 89' lang='lat' dir='ltr'><strong>ista</strong></span> <span class='ocrx_word' id='word_1_93' title='bbox 1621 1703 1771 1769; x_wconf 87' lang='lat' dir='ltr'><strong>solennia</strong></span> <span class='ocrx_word' id='word_1_94' title='bbox 1792 1723 1887 1785; x_wconf 85' lang='lat' dir='ltr'><strong>prae·</strong></span> 
     </span>
     <span class='ocr_line' id='line_1_10' title="bbox 486 1815 1453 1901; baseline 0 -21"><span class='ocrx_word' id='word_1_95' title='bbox 486 1817 582 1881; x_wconf 86' lang='lat' dir='ltr'><strong>mitti.</strong></span> <span class='ocrx_word' id='word_1_96' title='bbox 629 1816 729 1880; x_wconf 85' lang='lat' dir='ltr'><strong>Ratio</strong></span> <span class='ocrx_word' id='word_1_97' title='bbox 746 1828 958 1901; x_wconf 90' lang='lat' dir='ltr'><strong>utrarumque</strong></span> <span class='ocrx_word' id='word_1_98' title='bbox 973 1818 1177 1881; x_wconf 89' lang='lat' dir='ltr'><strong>induciarum</strong></span> <span class='ocrx_word' id='word_1_99' title='bbox 1193 1817 1310 1881; x_wconf 90' lang='lat' dir='ltr'><strong>eadem</strong></span> <span class='ocrx_word' id='word_1_100' title='bbox 1325 1815 1378 1880; x_wconf 89' lang='lat' dir='ltr'><strong>hic</strong></span> <span class='ocrx_word' id='word_1_101' title='bbox 1394 1824 1453 1880; x_wconf 89' lang='lat' dir='ltr'><strong>est.</strong></span> 
     </span>
    </p>

    <p class='ocr_par' dir='ltr' id='par_1_3' title="bbox 481 1925 1936 4343">
     <span class='ocr_line' id='line_1_11' title="bbox 530 1925 1887 2011; baseline -0.001 -19"><span class='ocrx_word' id='word_1_102' title='bbox 530 1927 598 1992; x_wconf 88' lang='lat' dir='ltr'><strong>Sed</strong></span> <span class='ocrx_word' id='word_1_103' title='bbox 621 1928 663 1992; x_wconf 91' lang='lat' dir='ltr'><strong>de</strong></span> <span class='ocrx_word' id='word_1_104' title='bbox 685 1928 755 1991; x_wconf 88' lang='lat' dir='ltr'><strong>istis</strong></span> <span class='ocrx_word' id='word_1_105' title='bbox 776 1929 966 1993; x_wconf 87' lang='lat' dir='ltr'><strong>solennibus</strong></span> <span class='ocrx_word' id='word_1_106' title='bbox 988 1928 1068 2011; x_wconf 90' lang='lat' dir='ltr'><strong>quid</strong></span> <span class='ocrx_word' id='word_1_107' title='bbox 1091 1937 1201 1993; x_wconf 89' lang='lat' dir='ltr'><strong>statuo</strong></span> <span class='ocrx_word' id='word_1_108' title='bbox 1224 1927 1266 1991; x_wconf 86' lang='lat' dir='ltr'><strong>ad</strong></span> <span class='ocrx_word' id='word_1_109' title='bbox 1288 1926 1413 1990; x_wconf 92' lang='lat' dir='ltr'><strong>bellum</strong></span> <span class='ocrx_word' id='word_1_110' title='bbox 1431 1927 1520 2009; x_wconf 93' lang='lat' dir='ltr'><strong>quod</strong></span> <span class='ocrx_word' id='word_1_111' title='bbox 1538 1927 1734 2010; x_wconf 87' lang='lat' dir='ltr'><strong>suspicimus</strong></span> <span class='ocrx_word' id='word_1_112' title='bbox 1751 1925 1887 1992; x_wconf 89' lang='lat' dir='ltr'><strong>ferendo</strong></span> 
     </span>
     <span class='ocr_line' id='line_1_12' title="bbox 484 2038 1887 2122; baseline -0.001 -18"><span class='ocrx_word' id='word_1_113' title='bbox 484 2038 648 2104; x_wconf 87' lang='lat' dir='ltr'><strong>auxilium</strong></span> <span class='ocrx_word' id='word_1_114' title='bbox 669 2039 766 2104; x_wconf 90' lang='lat' dir='ltr'><strong>aliis?</strong></span> <span class='ocrx_word' id='word_1_115' title='bbox 812 2039 895 2104; x_wconf 91' lang='lat' dir='ltr'><strong>Mihi</strong></span> <span class='ocrx_word' id='word_1_116' title='bbox 917 2041 965 2105; x_wconf 89' lang='lat' dir='ltr'><strong>ita</strong></span> <span class='ocrx_word' id='word_1_117' title='bbox 985 2041 1255 2122; x_wconf 86' lang='lat' dir='ltr'><strong>distinguendum</strong></span> <span class='ocrx_word' id='word_1_118' title='bbox 1276 2039 1413 2117; x_wconf 89' lang='lat' dir='ltr'><strong>uidetur,</strong></span> <span class='ocrx_word' id='word_1_119' title='bbox 1432 2049 1469 2102; x_wconf 91' lang='lat' dir='ltr'><strong>ut</strong></span> <span class='ocrx_word' id='word_1_120' title='bbox 1490 2059 1583 2102; x_wconf 89' lang='lat' dir='ltr'><strong>arma</strong></span> <span class='ocrx_word' id='word_1_121' title='bbox 1605 2059 1671 2103; x_wconf 93' lang='lat' dir='ltr'><strong>non</strong></span> <span class='ocrx_word' id='word_1_122' title='bbox 1694 2059 1887 2104; x_wconf 79' lang='lat' dir='ltr'><strong>moneamus</strong></span> 
     </span>
     <span class='ocr_line' id='line_1_13' title="bbox 485 2149 1886 2234; baseline -0.001 -19"><span class='ocrx_word' id='word_1_123' title='bbox 485 2160 602 2215; x_wconf 91' lang='lat' dir='ltr'><strong>contra</strong></span> <span class='ocrx_word' id='word_1_124' title='bbox 623 2151 831 2234; x_wconf 88' lang='lat' dir='ltr'><strong>singulariter</strong></span> <span class='ocrx_word' id='word_1_125' title='bbox 855 2152 1060 2216; x_wconf 89' lang='lat' dir='ltr'><strong>foederatum</strong></span> <span class='ocrx_word' id='word_1_126' title='bbox 1083 2153 1348 2226; x_wconf 89' lang='lat' dir='ltr'><strong>coniunctumue‚</strong></span> <span class='ocrx_word' id='word_1_127' title='bbox 1371 2151 1459 2232; x_wconf 86' lang='lat' dir='ltr'><strong>prius</strong></span> <span class='ocrx_word' id='word_1_128' title='bbox 1481 2171 1582 2233; x_wconf 90' lang='lat' dir='ltr'><strong>quarn</strong></span> <span class='ocrx_word' id='word_1_129' title='bbox 1604 2149 1728 2215; x_wconf 82' lang='lat' dir='ltr'><strong>foederi</strong></span> <span class='ocrx_word' id='word_1_130' title='bbox 1752 2159 1786 2214; x_wconf 89' lang='lat' dir='ltr'><strong>et</strong></span> <span class='ocrx_word' id='word_1_131' title='bbox 1808 2170 1886 2213; x_wconf 91' lang='lat' dir='ltr'><strong>oon-</strong></span> 
     </span>
     <span class='ocr_line' id='line_1_14' title="bbox 485 2261 1887 2345; baseline -0.001 -19"><span class='ocrx_word' id='word_1_132' title='bbox 485 2263 643 2326; x_wconf 91' lang='lat' dir='ltr'><strong>iunctioni</strong></span> <span class='ocrx_word' id='word_1_133' title='bbox 665 2264 899 2328; x_wconf 88' lang='lat' dir='ltr'><strong>renunciemus.</strong></span> <span class='ocrx_word' id='word_1_134' title='bbox 946 2263 1002 2328; x_wconf 95' lang='lat' dir='ltr'><strong>Sic</strong></span> <span class='ocrx_word' id='word_1_135' title='bbox 1026 2263 1169 2326; x_wconf 90' lang='lat' dir='ltr'><strong>Romani</strong></span> <span class='ocrx_word' id='word_1_136' title='bbox 1189 2283 1296 2344; x_wconf 91' lang='lat' dir='ltr'><strong>neque</strong></span> <span class='ocrx_word' id='word_1_137' title='bbox 1316 2282 1376 2345; x_wconf 90' lang='lat' dir='ltr'><strong>pro</strong></span> <span class='ocrx_word' id='word_1_138' title='bbox 1398 2262 1558 2326; x_wconf 89' lang='lat' dir='ltr'><strong>dedititiis</strong></span> <span class='ocrx_word' id='word_1_139' title='bbox 1574 2261 1754 2344; x_wconf 90' lang='lat' dir='ltr'><strong>Campanis</strong></span> <span class='ocrx_word' id='word_1_140' title='bbox 1772 2270 1887 2326; x_wconf 87' lang='lat' dir='ltr'><strong>contra</strong></span> 
     </span>
     <span class='ocr_line' id='line_1_15' title="bbox 486 2373 1886 2458; baseline -0.003 -19"><span class='ocrx_word' id='word_1_141' title='bbox 486 2373 654 2439; x_wconf 85' lang='lat' dir='ltr'><strong>Samnites</strong></span> <span class='ocrx_word' id='word_1_142' title='bbox 670 2384 768 2439; x_wconf 90' lang='lat' dir='ltr'><strong>antea</strong></span> <span class='ocrx_word' id='word_1_143' title='bbox 783 2395 875 2439; x_wconf 87' lang='lat' dir='ltr'><strong>arma</strong></span> <span class='ocrx_word' id='word_1_144' title='bbox 889 2385 1040 2453; x_wconf 89' lang='lat' dir='ltr'><strong>sumunt;</strong></span> <span class='ocrx_word' id='word_1_145' title='bbox 1062 2395 1170 2458; x_wconf 89' lang='lat' dir='ltr'><strong>neque</strong></span> <span class='ocrx_word' id='word_1_146' title='bbox 1184 2383 1298 2438; x_wconf 89' lang='lat' dir='ltr'><strong>contra</strong></span> <span class='ocrx_word' id='word_1_147' title='bbox 1315 2373 1601 2455; x_wconf 82' lang='lat' dir='ltr'><strong>Carthaginienses</strong></span> <span class='ocrx_word' id='word_1_148' title='bbox 1617 2395 1677 2456; x_wconf 91' lang='lat' dir='ltr'><strong>pro</strong></span> <span class='ocrx_word' id='word_1_149' title='bbox 1693 2373 1886 2454; x_wconf 85' lang='lat' dir='ltr'><strong>Saguntinis</strong></span> 
     </span>
     <span class='ocr_line' id='line_1_16' title="bbox 487 2483 1887 2568; baseline -0.002 -19"><span class='ocrx_word' id='word_1_150' title='bbox 487 2486 583 2550; x_wconf 91' lang='lat' dir='ltr'><strong>sociis</strong></span> <span class='ocrx_word' id='word_1_151' title='bbox 601 2484 800 2549; x_wconf 88' lang='lat' dir='ltr'><strong>fidelissimis</strong></span> <span class='ocrx_word' id='word_1_152' title='bbox 808 2483 829 2548; x_wconf 81' lang='lat'><strong>².</strong></span> <span class='ocrx_word' id='word_1_153' title='bbox 875 2485 976 2568; x_wconf 87' lang='lat' dir='ltr'><strong>Quod</strong></span> <span class='ocrx_word' id='word_1_154' title='bbox 995 2487 1022 2548; x_wconf 88' lang='lat' dir='ltr'><strong>si</strong></span> <span class='ocrx_word' id='word_1_155' title='bbox 1042 2485 1169 2548; x_wconf 90' lang='lat' dir='ltr'><strong>nullum</strong></span> <span class='ocrx_word' id='word_1_156' title='bbox 1187 2485 1359 2549; x_wconf 89' lang='lat' dir='ltr'><strong>intercedit</strong></span> <span class='ocrx_word' id='word_1_157' title='bbox 1377 2484 1545 2549; x_wconf 90' lang='lat' dir='ltr'><strong>uinculum</strong></span> <span class='ocrx_word' id='word_1_158' title='bbox 1564 2495 1693 2567; x_wconf 90' lang='lat' dir='ltr'><strong>praeter</strong></span> <span class='ocrx_word' id='word_1_159' title='bbox 1711 2503 1887 2548; x_wconf 90' lang='lat' dir='ltr'><strong>commune</strong></span> 
     </span>
     <span class='ocr_line' id='line_1_17' title="bbox 486 2595 1887 2673; baseline 0 -15"><span class='ocrx_word' id='word_1_160' title='bbox 486 2607 635 2660; x_wconf 89' lang='lat' dir='ltr'><strong>naturae:</strong></span> <span class='ocrx_word' id='word_1_161' title='bbox 659 2596 820 2660; x_wconf 88' lang='lat' dir='ltr'><strong>auxilium</strong></span> <span class='ocrx_word' id='word_1_162' title='bbox 835 2596 971 2660; x_wconf 83' lang='lat' dir='ltr'><strong>forsitan</strong></span> <span class='ocrx_word' id='word_1_163' title='bbox 987 2595 1078 2673; x_wconf 77' lang='lat' dir='ltr'><strong>fereS,</strong></span> <span class='ocrx_word' id='word_1_164' title='bbox 1093 2616 1153 2659; x_wconf 93' lang='lat' dir='ltr'><strong>nec</strong></span> <span class='ocrx_word' id='word_1_165' title='bbox 1168 2595 1293 2660; x_wconf 88' lang='lat' dir='ltr'><strong>bellurn</strong></span> <span class='ocrx_word' id='word_1_166' title='bbox 1309 2596 1532 2660; x_wconf 88' lang='lat' dir='ltr'><strong>denunciabis.</strong></span> <span class='ocrx_word' id='word_1_167' title='bbox 1566 2595 1678 2660; x_wconf 90' lang='lat' dir='ltr'><strong>Minus</strong></span> <span class='ocrx_word' id='word_1_168' title='bbox 1693 2596 1781 2660; x_wconf 90' lang='lat' dir='ltr'><strong>enirn</strong></span> <span class='ocrx_word' id='word_1_169' title='bbox 1797 2615 1887 2660; x_wconf 90' lang='lat' dir='ltr'><strong>corn·</strong></span> 
     </span>
     <span class='ocr_line' id='line_1_18' title="bbox 486 2705 1936 2790; baseline -0.001 -20"><span class='ocrx_word' id='word_1_170' title='bbox 486 2707 577 2770; x_wconf 91' lang='lat' dir='ltr'><strong>rnuni</strong></span> <span class='ocrx_word' id='word_1_171' title='bbox 595 2706 671 2770; x_wconf 91' lang='lat' dir='ltr'><strong>huic</strong></span> <span class='ocrx_word' id='word_1_172' title='bbox 690 2707 821 2771; x_wconf 89' lang='lat' dir='ltr'><strong>uinculo</strong></span> <span class='ocrx_word' id='word_1_173' title='bbox 839 2705 1009 2770; x_wconf 85' lang='lat' dir='ltr'><strong>debetur³.</strong></span> <span class='ocrx_word' id='word_1_174' title='bbox 1056 2707 1101 2770; x_wconf 87' lang='lat' dir='ltr'><strong>Et</strong></span> <span class='ocrx_word' id='word_1_175' title='bbox 1119 2717 1267 2770; x_wconf 90' lang='lat' dir='ltr'><strong>nostrum</strong></span> <span class='ocrx_word' id='word_1_176' title='bbox 1284 2706 1409 2771; x_wconf 91' lang='lat' dir='ltr'><strong>bellurn</strong></span> <span class='ocrx_word' id='word_1_177' title='bbox 1428 2726 1494 2771; x_wconf 94' lang='lat' dir='ltr'><strong>non</strong></span> <span class='ocrx_word' id='word_1_178' title='bbox 1511 2707 1676 2790; x_wconf 73' lang='lat' dir='ltr'><strong>estquod</strong></span> <span class='ocrx_word' id='word_1_179' title='bbox 1694 2727 1755 2770; x_wconf 91' lang='lat' dir='ltr'><strong>nec</strong></span> <span class='ocrx_word' id='word_1_180' title='bbox 1773 2714 1886 2771; x_wconf 90' lang='lat' dir='ltr'><strong>nostro</strong></span> <span class='ocrx_word' id='word_1_181' title='bbox 1929 2767 1936 2779; x_wconf 84' lang='grc'>,</span> 
     </span>
     <span class='ocr_line' id='line_1_19' title="bbox 485 2817 1885 2900; baseline -0.001 -19"><span class='ocrx_word' id='word_1_182' title='bbox 485 2818 619 2881; x_wconf 89' lang='lat' dir='ltr'><strong>nomine</strong></span> <span class='ocrx_word' id='word_1_183' title='bbox 636 2819 767 2900; x_wconf 88' lang='lat' dir='ltr'><strong>geritur,</strong></span> <span class='ocrx_word' id='word_1_184' title='bbox 787 2837 846 2880; x_wconf 92' lang='lat' dir='ltr'><strong>nec</strong></span> <span class='ocrx_word' id='word_1_185' title='bbox 864 2818 1017 2900; x_wconf 88' lang='lat' dir='ltr'><strong>auspiciis</strong></span> <span class='ocrx_word' id='word_1_186' title='bbox 1036 2819 1166 2882; x_wconf 87' lang='lat' dir='ltr'><strong>nostris.</strong></span> <span class='ocrx_word' id='word_1_187' title='bbox 1212 2818 1329 2900; x_wconf 90' lang='lat' dir='ltr'><strong>Itaque</strong></span> <span class='ocrx_word' id='word_1_188' title='bbox 1351 2818 1378 2880; x_wconf 88' lang='lat' dir='ltr'><strong>si</strong></span> <span class='ocrx_word' id='word_1_189' title='bbox 1402 2817 1435 2882; x_wconf 95' lang='lat' dir='ltr'><strong>in</strong></span> <span class='ocrx_word' id='word_1_190' title='bbox 1457 2819 1651 2884; x_wconf 90' lang='lat' dir='ltr'><strong>societatem</strong></span> <span class='ocrx_word' id='word_1_191' title='bbox 1674 2819 1885 2897; x_wconf 89' lang='lat' dir='ltr'><strong>uenissernus,</strong></span> 
     </span>
     <span class='ocr_line' id='line_1_20' title="bbox 485 2913 1885 3007; baseline 0.001 -16"><span class='ocrx_word' id='word_1_192' title='bbox 485 2939 519 2992; x_wconf 90' lang='lat' dir='ltr'><strong>et</strong></span> <span class='ocrx_word' id='word_1_193' title='bbox 537 2928 621 2992; x_wconf 88' lang='lat' dir='ltr'><strong>foret</strong></span> <span class='ocrx_word' id='word_1_194' title='bbox 639 2929 717 2992; x_wconf 90' lang='lat' dir='ltr'><strong>belli</strong></span> <span class='ocrx_word' id='word_1_195' title='bbox 741 2947 862 2992; x_wconf 92' lang='lat' dir='ltr'><strong>nomen</strong></span> <span class='ocrx_word' id='word_1_196' title='bbox 886 2913 1062 2992; x_wconf 89' lang='lat' dir='ltr'><strong>commune</strong></span> <span class='ocrx_word' id='word_1_197' title='bbox 1085 2939 1118 2992; x_wconf 91' lang='lat' dir='ltr'><strong>et</strong></span> <span class='ocrx_word' id='word_1_198' title='bbox 1141 2929 1325 2992; x_wconf 87' lang='lat' dir='ltr'><strong>communis</strong></span> <span class='ocrx_word' id='word_1_199' title='bbox 1344 2949 1402 3007; x_wconf 89' lang='lat' dir='ltr'><strong>res,</strong></span> <span class='ocrx_word' id='word_1_200' title='bbox 1421 2939 1493 2993; x_wconf 90' lang='lat' dir='ltr'><strong>tum</strong></span> <span class='ocrx_word' id='word_1_201' title='bbox 1511 2939 1598 2994; x_wconf 88' lang='lat' dir='ltr'><strong>esset</strong></span> <span class='ocrx_word' id='word_1_202' title='bbox 1616 2929 1739 2994; x_wconf 90' lang='lat' dir='ltr'><strong>bellum</strong></span> <span class='ocrx_word' id='word_1_203' title='bbox 1758 2931 1885 2992; x_wconf 90' lang='lat' dir='ltr'><strong>denun-</strong></span> 
     </span>
     <span class='ocr_line' id='line_1_21' title="bbox 484 3038 1886 3122; baseline -0.001 -19"><span class='ocrx_word' id='word_1_204' title='bbox 484 3041 649 3104; x_wconf 91' lang='lat' dir='ltr'><strong>ciandum.</strong></span> <span class='ocrx_word' id='word_1_205' title='bbox 695 3040 763 3104; x_wconf 90' lang='lat' dir='ltr'><strong>Ubi</strong></span> <span class='ocrx_word' id='word_1_206' title='bbox 782 3038 872 3103; x_wconf 91' lang='lat' dir='ltr'><strong>nulla</strong></span> <span class='ocrx_word' id='word_1_207' title='bbox 888 3060 1001 3103; x_wconf 90' lang='lat' dir='ltr'><strong>sumus</strong></span> <span class='ocrx_word' id='word_1_208' title='bbox 1016 3039 1094 3102; x_wconf 89' lang='lat' dir='ltr'><strong>belli</strong></span> <span class='ocrx_word' id='word_1_209' title='bbox 1110 3060 1203 3122; x_wconf 91' lang='lat' dir='ltr'><strong>pars:</strong></span> <span class='ocrx_word' id='word_1_210' title='bbox 1227 3039 1283 3103; x_wconf 92' lang='lat' dir='ltr'><strong>ubi</strong></span> <span class='ocrx_word' id='word_1_211' title='bbox 1302 3040 1424 3104; x_wconf 91' lang='lat' dir='ltr'><strong>iniussu</strong></span> <span class='ocrx_word' id='word_1_212' title='bbox 1443 3049 1556 3106; x_wconf 90' lang='lat' dir='ltr'><strong>nostro</strong></span> <span class='ocrx_word' id='word_1_213' title='bbox 1573 3039 1698 3104; x_wconf 91' lang='lat' dir='ltr'><strong>bellum</strong></span> <span class='ocrx_word' id='word_1_214' title='bbox 1715 3051 1748 3104; x_wconf 90' lang='lat' dir='ltr'><strong>et</strong></span> <span class='ocrx_word' id='word_1_215' title='bbox 1762 3041 1886 3122; x_wconf 88' lang='lat' dir='ltr'><strong>geritur</strong></span> 
     </span>
     <span class='ocr_line' id='line_1_22' title="bbox 484 3148 1886 3234; baseline -0.001 -19"><span class='ocrx_word' id='word_1_216' title='bbox 484 3160 518 3215; x_wconf 92' lang='lat' dir='ltr'><strong>et</strong></span> <span class='ocrx_word' id='word_1_217' title='bbox 541 3151 625 3214; x_wconf 88' lang='lat' dir='ltr'><strong>finiri</strong></span> <span class='ocrx_word' id='word_1_218' title='bbox 648 3161 768 3234; x_wconf 89' lang='lat' dir='ltr'><strong>potest,</strong></span> <span class='ocrx_word' id='word_1_219' title='bbox 789 3151 869 3232; x_wconf 91' lang='lat' dir='ltr'><strong>quid</strong></span> <span class='ocrx_word' id='word_1_220' title='bbox 893 3171 953 3214; x_wconf 91' lang='lat' dir='ltr'><strong>nos</strong></span> <span class='ocrx_word' id='word_1_221' title='bbox 975 3148 1178 3216; x_wconf 89' lang='lat' dir='ltr'><strong>indicemus?</strong></span> <span class='ocrx_word' id='word_1_222' title='bbox 1234 3152 1289 3229; x_wconf 89' lang='lat' dir='ltr'><strong>Et,</strong></span> <span class='ocrx_word' id='word_1_223' title='bbox 1311 3153 1338 3216; x_wconf 92' lang='lat' dir='ltr'><strong>si</strong></span> <span class='ocrx_word' id='word_1_224' title='bbox 1360 3153 1485 3216; x_wconf 87' lang='lat' dir='ltr'><strong>auxilia</strong></span> <span class='ocrx_word' id='word_1_225' title='bbox 1508 3153 1719 3234; x_wconf 88' lang='lat' dir='ltr'><strong>pecuniarum</strong></span> <span class='ocrx_word' id='word_1_226' title='bbox 1743 3151 1886 3229; x_wconf 87' lang='lat' dir='ltr'><strong>serimus,</strong></span> 
     </span>
     <span class='ocr_line' id='line_1_23' title="bbox 482 3259 1886 3346; baseline -0.001 -19"><span class='ocrx_word' id='word_1_227' title='bbox 482 3262 608 3327; x_wconf 90' lang='lat' dir='ltr'><strong>bellum</strong></span> <span class='ocrx_word' id='word_1_228' title='bbox 627 3283 759 3346; x_wconf 92' lang='lat' dir='ltr'><strong>quoque</strong></span> <span class='ocrx_word' id='word_1_229' title='bbox 777 3259 981 3326; x_wconf 87' lang='lat' dir='ltr'><strong>indicemus?</strong></span> <span class='ocrx_word' id='word_1_230' title='bbox 1027 3263 1072 3326; x_wconf 90' lang='lat' dir='ltr'><strong>Et</strong></span> <span class='ocrx_word' id='word_1_231' title='bbox 1090 3263 1116 3325; x_wconf 89' lang='lat' dir='ltr'><strong>si</strong></span> <span class='ocrx_word' id='word_1_232' title='bbox 1135 3261 1402 3326; x_wconf 86' lang='lat' dir='ltr'><strong>commeatuum?</strong></span> <span class='ocrx_word' id='word_1_233' title='bbox 1448 3263 1493 3326; x_wconf 91' lang='lat' dir='ltr'><strong>Et</strong></span> <span class='ocrx_word' id='word_1_234' title='bbox 1512 3264 1539 3327; x_wconf 91' lang='lat' dir='ltr'><strong>si</strong></span> <span class='ocrx_word' id='word_1_235' title='bbox 1557 3259 1788 3327; x_wconf 87' lang='lat' dir='ltr'><strong>consiliorum?</strong></span> <span class='ocrx_word' id='word_1_236' title='bbox 1833 3263 1886 3326; x_wconf 82' lang='lat' dir='ltr'><strong>Ita</strong></span> 
     </span>
     <span class='ocr_line' id='line_1_24' title="bbox 483 3367 1885 3457; baseline -0.001 -20"><span class='ocrx_word' id='word_1_237' title='bbox 483 3394 546 3457; x_wconf 91' lang='lat' dir='ltr'><strong>ego</strong></span> <span class='ocrx_word' id='word_1_238' title='bbox 563 3375 689 3456; x_wconf 89' lang='lat' dir='ltr'><strong>opinor,</strong></span> <span class='ocrx_word' id='word_1_239' title='bbox 708 3374 843 3438; x_wconf 91' lang='lat' dir='ltr'><strong>omnino</strong></span> <span class='ocrx_word' id='word_1_240' title='bbox 865 3373 892 3436; x_wconf 91' lang='lat' dir='ltr'><strong>si</strong></span> <span class='ocrx_word' id='word_1_241' title='bbox 911 3373 1035 3437; x_wconf 86' lang='lat' dir='ltr'><strong>auxilia</strong></span> <span class='ocrx_word' id='word_1_242' title='bbox 1057 3374 1190 3438; x_wconf 88' lang='lat' dir='ltr'><strong>serimus</strong></span> <span class='ocrx_word' id='word_1_243' title='bbox 1212 3374 1256 3438; x_wconf 91' lang='lat' dir='ltr'><strong>ad</strong></span> <span class='ocrx_word' id='word_1_244' title='bbox 1273 3373 1510 3437; x_wconf 77' lang='lat' dir='ltr'><strong>defensionem.</strong></span> <span class='ocrx_word' id='word_1_245' title='bbox 1557 3375 1630 3438; x_wconf 93' lang='lat' dir='ltr'><strong>Imo</strong></span> <span class='ocrx_word' id='word_1_246' title='bbox 1652 3373 1715 3438; x_wconf 90' lang='lat' dir='ltr'><strong>hoc</strong></span> <span class='ocrx_word' id='word_1_247' title='bbox 1738 3367 1816 3437; x_wconf 89' lang='lat' dir='ltr'><strong>casu</strong></span> <span class='ocrx_word' id='word_1_248' title='bbox 1839 3373 1885 3436; x_wconf 92' lang='lat' dir='ltr'><strong>sic</strong></span> 
     </span>
     <span class='ocr_line' id='line_1_25' title="bbox 482 3485 1885 3569; baseline -0.001 -20"><span class='ocrx_word' id='word_1_249' title='bbox 482 3486 568 3563; x_wconf 84' lang='lat' dir='ltr'><strong>dico,</strong></span> <span class='ocrx_word' id='word_1_250' title='bbox 584 3486 684 3549; x_wconf 88' lang='lat' dir='ltr'><strong>etiam</strong></span> <span class='ocrx_word' id='word_1_251' title='bbox 702 3487 728 3548; x_wconf 91' lang='lat' dir='ltr'><strong>si</strong></span> <span class='ocrx_word' id='word_1_252' title='bbox 744 3485 869 3548; x_wconf 89' lang='lat' dir='ltr'><strong>auxilia</strong></span> <span class='ocrx_word' id='word_1_253' title='bbox 884 3485 1042 3550; x_wconf 88' lang='lat' dir='ltr'><strong>ferremus</strong></span> <span class='ocrx_word' id='word_1_254' title='bbox 1060 3497 1175 3550; x_wconf 89' lang='lat' dir='ltr'><strong>contra</strong></span> <span class='ocrx_word' id='word_1_255' title='bbox 1194 3485 1400 3569; x_wconf 89' lang='lat' dir='ltr'><strong>singulariter</strong></span> <span class='ocrx_word' id='word_1_256' title='bbox 1416 3485 1631 3550; x_wconf 87' lang='lat' dir='ltr'><strong>foederatum.</strong></span> <span class='ocrx_word' id='word_1_257' title='bbox 1678 3486 1724 3548; x_wconf 88' lang='lat' dir='ltr'><strong>Et</strong></span> <span class='ocrx_word' id='word_1_258' title='bbox 1743 3486 1885 3549; x_wconf 87' lang='lat' dir='ltr'><strong>rationes</strong></span> 
     </span>
     <span class='ocr_line' id='line_1_26' title="bbox 483 3595 1884 3679; baseline -0.001 -19"><span class='ocrx_word' id='word_1_259' title='bbox 483 3597 554 3660; x_wconf 88' lang='lat' dir='ltr'><strong>dixi</strong></span> <span class='ocrx_word' id='word_1_260' title='bbox 580 3597 613 3658; x_wconf 93' lang='lat' dir='ltr'><strong>in</strong></span> <span class='ocrx_word' id='word_1_261' title='bbox 638 3597 703 3660; x_wconf 85' lang='lat' dir='ltr'><strong>fine</strong></span> <span class='ocrx_word' id='word_1_262' title='bbox 728 3595 801 3659; x_wconf 93' lang='lat' dir='ltr'><strong>libri</strong></span> <span class='ocrx_word' id='word_1_263' title='bbox 826 3597 1009 3679; x_wconf 81' lang='lat' dir='ltr'><strong>superioris,</strong></span> <span class='ocrx_word' id='word_1_264' title='bbox 1066 3597 1102 3661; x_wconf 90' lang='lat' dir='ltr'><strong>Si</strong></span> <span class='ocrx_word' id='word_1_265' title='bbox 1129 3618 1221 3661; x_wconf 91' lang='lat' dir='ltr'><strong>arma</strong></span> <span class='ocrx_word' id='word_1_266' title='bbox 1245 3597 1473 3679; x_wconf 87' lang='lat' dir='ltr'><strong>coniungimus</strong></span> <span class='ocrx_word' id='word_1_267' title='bbox 1497 3597 1540 3662; x_wconf 93' lang='lat' dir='ltr'><strong>ad</strong></span> <span class='ocrx_word' id='word_1_268' title='bbox 1564 3597 1788 3674; x_wconf 85' lang='lat' dir='ltr'><strong>offensionem,</strong></span> <span class='ocrx_word' id='word_1_269' title='bbox 1812 3604 1884 3658; x_wconf 88' lang='lat' dir='ltr'><strong>turn</strong></span> 
     </span>
     <span class='ocr_line' id='line_1_27' title="bbox 484 3707 1885 3790; baseline -0.001 -18"><span class='ocrx_word' id='word_1_270' title='bbox 484 3729 550 3772; x_wconf 95' lang='lat' dir='ltr'><strong>non</strong></span> <span class='ocrx_word' id='word_1_271' title='bbox 578 3709 705 3773; x_wconf 88' lang='lat' dir='ltr'><strong>extrico</strong></span> <span class='ocrx_word' id='word_1_272' title='bbox 731 3711 820 3772; x_wconf 79' lang='lat' dir='ltr'><strong>satis</strong></span> <span class='ocrx_word' id='word_1_273' title='bbox 877 3707 942 3790; x_wconf 88' lang='lat' dir='ltr'><strong>Qui</strong></span> <span class='ocrx_word' id='word_1_274' title='bbox 970 3708 1094 3772; x_wconf 92' lang='lat' dir='ltr'><strong>bellum</strong></span> <span class='ocrx_word' id='word_1_275' title='bbox 1125 3719 1246 3787; x_wconf 89' lang='lat' dir='ltr'><strong>mouet,</strong></span> <span class='ocrx_word' id='word_1_276' title='bbox 1272 3709 1343 3790; x_wconf 92' lang='lat' dir='ltr'><strong>ipse</strong></span> <span class='ocrx_word' id='word_1_277' title='bbox 1369 3709 1491 3773; x_wconf 91' lang='lat' dir='ltr'><strong>indicit.</strong></span> <span class='ocrx_word' id='word_1_278' title='bbox 1526 3708 1610 3772; x_wconf 86' lang='lat' dir='ltr'><strong>alius</strong></span> <span class='ocrx_word' id='word_1_279' title='bbox 1640 3708 1764 3773; x_wconf 91' lang='lat' dir='ltr'><strong>bellum</strong></span> <span class='ocrx_word' id='word_1_280' title='bbox 1795 3709 1885 3789; x_wconf 92' lang='lat' dir='ltr'><strong>quod</strong></span> 
     </span>
     <span class='ocr_line' id='line_1_28' title="bbox 482 3818 1886 3902; baseline -0.001 -20"><span class='ocrx_word' id='word_1_281' title='bbox 482 3838 578 3882; x_wconf 89' lang='lat' dir='ltr'><strong>suum</strong></span> <span class='ocrx_word' id='word_1_282' title='bbox 602 3828 749 3896; x_wconf 91' lang='lat' dir='ltr'><strong>nonest,</strong></span> <span class='ocrx_word' id='word_1_283' title='bbox 773 3839 830 3882; x_wconf 90' lang='lat' dir='ltr'><strong>cur</strong></span> <span class='ocrx_word' id='word_1_284' title='bbox 854 3819 987 3895; x_wconf 89' lang='lat' dir='ltr'><strong>indicat,</strong></span> <span class='ocrx_word' id='word_1_285' title='bbox 1010 3819 1068 3882; x_wconf 89' lang='lat' dir='ltr'><strong>uix</strong></span> <span class='ocrx_word' id='word_1_286' title='bbox 1091 3819 1199 3883; x_wconf 76' lang='lat' dir='ltr'><strong>uideo,</strong></span> <span class='ocrx_word' id='word_1_287' title='bbox 1256 3819 1382 3884; x_wconf 91' lang='lat' dir='ltr'><strong>Uerum</strong></span> <span class='ocrx_word' id='word_1_288' title='bbox 1407 3829 1465 3896; x_wconf 90' lang='lat' dir='ltr'><strong>est,</strong></span> <span class='ocrx_word' id='word_1_289' title='bbox 1486 3821 1577 3902; x_wconf 92' lang='lat' dir='ltr'><strong>quod</strong></span> <span class='ocrx_word' id='word_1_290' title='bbox 1604 3828 1739 3902; x_wconf 89' lang='lat' dir='ltr'><strong>propter</strong></span> <span class='ocrx_word' id='word_1_291' title='bbox 1760 3818 1886 3882; x_wconf 86' lang='lat' dir='ltr'><strong>auxilia</strong></span> 
     </span>
     <span class='ocr_line' id='line_1_29' title="bbox 483 3928 1886 4013; baseline 0.002 -23"><span class='ocrx_word' id='word_1_292' title='bbox 483 3929 658 3992; x_wconf 89' lang='lat' dir='ltr'><strong>summissa</strong></span> <span class='ocrx_word' id='word_1_293' title='bbox 688 3929 755 4010; x_wconf 90' lang='lat' dir='ltr'><strong>peti</strong></span> <span class='ocrx_word' id='word_1_294' title='bbox 782 3928 870 3993; x_wconf 86' lang='lat' dir='ltr'><strong>bello</strong></span> <span class='ocrx_word' id='word_1_295' title='bbox 896 3930 1109 3992; x_wconf 87' lang='lat' dir='ltr'><strong>auxiliatores</strong></span> <span class='ocrx_word' id='word_1_296' title='bbox 1140 3940 1277 4011; x_wconf 88' lang='lat' dir='ltr'><strong>possunt</strong></span> <span class='ocrx_word' id='word_1_297' title='bbox 1307 3951 1447 4012; x_wconf 90' lang='lat' dir='ltr'><strong>semper.</strong></span> <span class='ocrx_word' id='word_1_298' title='bbox 1504 3931 1550 3995; x_wconf 92' lang='lat' dir='ltr'><strong>Et</strong></span> <span class='ocrx_word' id='word_1_299' title='bbox 1576 3931 1671 4013; x_wconf 88' lang='lat' dir='ltr'><strong>petiti</strong></span> <span class='ocrx_word' id='word_1_300' title='bbox 1698 3951 1718 3994; x_wconf 91' lang='lat' dir='ltr'><strong>a</strong></span> <span class='ocrx_word' id='word_1_301' title='bbox 1746 3929 1886 3994; x_wconf 89' lang='lat' dir='ltr'><strong>Caesare</strong></span> 
     </span>
     <span class='ocr_line' id='line_1_30' title="bbox 483 4038 1885 4107; baseline 0.002 -6"><span class='ocrx_word' id='word_1_302' title='bbox 483 4038 631 4101; x_wconf 88' lang='lat' dir='ltr'><strong>Britanni</strong></span> <span class='ocrx_word' id='word_1_303' title='bbox 661 4038 783 4102; x_wconf 78' lang='lat' dir='ltr'><strong>sunt⁴r</strong></span> <span class='ocrx_word' id='word_1_304' title='bbox 814 4040 857 4102; x_wconf 92' lang='lat' dir='ltr'><strong>ab</strong></span> <span class='ocrx_word' id='word_1_305' title='bbox 883 4040 955 4103; x_wconf 89' lang='lat' dir='ltr'><strong>aliis</strong></span> <span class='ocrx_word' id='word_1_306' title='bbox 981 4041 1057 4103; x_wconf 91' lang='lat' dir='ltr'><strong>alii:</strong></span> <span class='ocrx_word' id='word_1_307' title='bbox 1091 4041 1191 4104; x_wconf 89' lang='lat' dir='ltr'><strong>etiam</strong></span> <span class='ocrx_word' id='word_1_308' title='bbox 1222 4063 1296 4106; x_wconf 90' lang='lat' dir='ltr'><strong>curn</strong></span> <span class='ocrx_word' id='word_1_309' title='bbox 1323 4042 1566 4107; x_wconf 89' lang='lat' dir='ltr'><strong>communicata</strong></span> <span class='ocrx_word' id='word_1_310' title='bbox 1593 4041 1729 4106; x_wconf 89' lang='lat' dir='ltr'><strong>consilia</strong></span> <span class='ocrx_word' id='word_1_311' title='bbox 1755 4051 1885 4106; x_wconf 87' lang='lat' dir='ltr'><strong>tantum</strong></span> 
     </span>
     <span class='ocr_line' id='line_1_31' title="bbox 481 4147 1885 4236; baseline 0.004 -25"><span class='ocrx_word' id='word_1_312' title='bbox 481 4157 559 4212; x_wconf 89' lang='lat' dir='ltr'><strong>sunt</strong></span> <span class='ocrx_word' id='word_1_313' title='bbox 568 4147 590 4214; x_wconf 79' lang='lat'><strong>⁵.</strong></span> <span class='ocrx_word' id='word_1_314' title='bbox 636 4148 705 4214; x_wconf 93' lang='lat' dir='ltr'><strong>Sed</strong></span> <span class='ocrx_word' id='word_1_315' title='bbox 726 4159 838 4215; x_wconf 89' lang='lat' dir='ltr'><strong>tamen</strong></span> <span class='ocrx_word' id='word_1_316' title='bbox 861 4151 951 4232; x_wconf 94' lang='lat' dir='ltr'><strong>quod</strong></span> <span class='ocrx_word' id='word_1_317' title='bbox 973 4159 1122 4232; x_wconf 89' lang='lat' dir='ltr'><strong>patretur</strong></span> <span class='ocrx_word' id='word_1_318' title='bbox 1142 4151 1265 4235; x_wconf 90' lang='lat' dir='ltr'><strong>aliquid</strong></span> <span class='ocrx_word' id='word_1_319' title='bbox 1288 4153 1406 4217; x_wconf 87' lang='lat' dir='ltr'><strong>hostile</strong></span> <span class='ocrx_word' id='word_1_320' title='bbox 1428 4175 1487 4236; x_wconf 92' lang='lat' dir='ltr'><strong>per</strong></span> <span class='ocrx_word' id='word_1_321' title='bbox 1508 4153 1739 4219; x_wconf 87' lang='lat' dir='ltr'><strong>administrata</strong></span> <span class='ocrx_word' id='word_1_322' title='bbox 1757 4151 1885 4217; x_wconf 87' lang='lat' dir='ltr'><strong>auxilia</strong></span> 
     </span>
     <span class='ocr_line' id='line_1_32' title="bbox 482 4259 1885 4343; baseline 0.004 -20"><span class='ocrx_word' id='word_1_323' title='bbox 482 4261 572 4337; x_wconf 88' lang='lat' dir='ltr'><strong>haec,</strong></span> <span class='ocrx_word' id='word_1_324' title='bbox 588 4279 654 4324; x_wconf 95' lang='lat' dir='ltr'><strong>non</strong></span> <span class='ocrx_word' id='word_1_325' title='bbox 670 4261 745 4324; x_wconf 92' lang='lat' dir='ltr'><strong>ideo</strong></span> <span class='ocrx_word' id='word_1_326' title='bbox 759 4259 882 4324; x_wconf 90' lang='lat' dir='ltr'><strong>bellurn</strong></span> <span class='ocrx_word' id='word_1_327' title='bbox 898 4261 962 4326; x_wconf 92' lang='lat' dir='ltr'><strong>hoc</strong></span> <span class='ocrx_word' id='word_1_328' title='bbox 978 4272 1036 4340; x_wconf 88' lang='lat' dir='ltr'><strong>est,</strong></span> <span class='ocrx_word' id='word_1_329' title='bbox 1049 4273 1083 4326; x_wconf 90' lang='lat' dir='ltr'><strong>et</strong></span> <span class='ocrx_word' id='word_1_330' title='bbox 1097 4261 1221 4326; x_wconf 92' lang='lat' dir='ltr'><strong>bellum</strong></span> <span class='ocrx_word' id='word_1_331' title='bbox 1234 4264 1445 4328; x_wconf 88' lang='lat' dir='ltr'><strong>indicendum</strong></span> <span class='ocrx_word' id='word_1_332' title='bbox 1459 4275 1524 4329; x_wconf 89' lang='lat' dir='ltr'><strong>est:</strong></span> <span class='ocrx_word' id='word_1_333' title='bbox 1543 4266 1634 4329; x_wconf 86' lang='lat' dir='ltr'><strong>aliud</strong></span> <span class='ocrx_word' id='word_1_334' title='bbox 1646 4283 1712 4329; x_wconf 93' lang='lat' dir='ltr'><strong>non</strong></span> <span class='ocrx_word' id='word_1_335' title='bbox 1724 4265 1814 4343; x_wconf 89' lang='lat' dir='ltr'><strong>item,</strong></span> <span class='ocrx_word' id='word_1_336' title='bbox 1826 4273 1885 4329; x_wconf 92' lang='lat' dir='ltr'><strong>aut</strong></span> 
     </span>
    </p>
   </div>
   <div class='ocr_carea' id='block_1_3' title="bbox 548 4493 1819 4644">
    <p class='ocr_par' dir='ltr' id='par_1_4' title="bbox 548 4493 1819 4644">
     <span class='ocr_line' id='line_1_33' title="bbox 548 4493 1819 4562; baseline 0.004 -19"><span class='ocrx_word' id='word_1_337' title='bbox 548 4494 556 4524; x_wconf 89' lang='lat'><strong>¹</strong></span> <span class='ocrx_word' id='word_1_338' title='bbox 574 4493 628 4545; x_wconf 79' lang='lat' dir='ltr'><strong>Bal.</strong></span> <span class='ocrx_word' id='word_1_339' title='bbox 639 4495 671 4544; x_wconf 88' lang='lat' dir='ltr'><strong>de</strong></span> <span class='ocrx_word' id='word_1_340' title='bbox 682 4495 725 4544; x_wconf 83' lang='lat' dir='ltr'><strong>Pa.</strong></span> <span class='ocrx_word' id='word_1_341' title='bbox 738 4495 784 4544; x_wconf 93' lang='lat' dir='ltr'><strong>Co.</strong></span> <span class='ocrx_word' id='word_1_342' title='bbox 850 4493 861 4522; x_wconf 81' lang='lat'>²</span> <span class='ocrx_word' id='word_1_343' title='bbox 877 4495 932 4545; x_wconf 87' lang='lat' dir='ltr'><strong>Liu.</strong></span> <span class='ocrx_word' id='word_1_344' title='bbox 945 4495 988 4544; x_wconf 90' lang='lat' dir='ltr'><strong>lib.</strong></span> <span class='ocrx_word' id='word_1_345' title='bbox 1002 4506 1024 4559; x_wconf 86' lang='lat'><strong>7.</strong></span> <span class='ocrx_word' id='word_1_346' title='bbox 1035 4511 1055 4545; x_wconf 75' lang='lat' dir='ltr'><strong>c.</strong></span> <span class='ocrx_word' id='word_1_347' title='bbox 1071 4511 1109 4561; x_wconf 81' lang='lat'><strong>29,</strong></span> <span class='ocrx_word' id='word_1_348' title='bbox 1122 4495 1164 4546; x_wconf 93' lang='lat' dir='ltr'><strong>lib.</strong></span> <span class='ocrx_word' id='word_1_349' title='bbox 1179 4509 1216 4545; x_wconf 81' lang='lat'><strong>21.</strong></span> <span class='ocrx_word' id='word_1_350' title='bbox 1229 4513 1250 4546; x_wconf 90' lang='lat' dir='ltr'><strong>c.</strong></span> <span class='ocrx_word' id='word_1_351' title='bbox 1262 4495 1285 4546; x_wconf 84' lang='lat'><strong>6.</strong></span> <span class='ocrx_word' id='word_1_352' title='bbox 1350 4499 1360 4528; x_wconf 78' lang='lat'>⁸</span> <span class='ocrx_word' id='word_1_353' title='bbox 1377 4498 1434 4550; x_wconf 84' lang='lat' dir='ltr'><strong>Alc.</strong></span> <span class='ocrx_word' id='word_1_354' title='bbox 1446 4498 1463 4548; x_wconf 90' lang='lat' dir='ltr'><strong>l.</strong></span> <span class='ocrx_word' id='word_1_355' title='bbox 1476 4513 1496 4548; x_wconf 91' lang='lat'><strong>1.</strong></span> <span class='ocrx_word' id='word_1_356' title='bbox 1508 4500 1538 4550; x_wconf 91' lang='lat' dir='ltr'><strong>C.</strong></span> <span class='ocrx_word' id='word_1_357' title='bbox 1549 4499 1580 4548; x_wconf 91' lang='lat' dir='ltr'><strong>de</strong></span> <span class='ocrx_word' id='word_1_358' title='bbox 1593 4498 1620 4548; x_wconf 89' lang='lat' dir='ltr'><strong>iu</strong></span> <span class='ocrx_word' id='word_1_359' title='bbox 1633 4498 1671 4548; x_wconf 89' lang='lat' dir='ltr'><strong>ius</strong></span> <span class='ocrx_word' id='word_1_360' title='bbox 1682 4514 1723 4548; x_wconf 86' lang='lat' dir='ltr'><strong>vo.</strong></span> <span class='ocrx_word' id='word_1_361' title='bbox 1737 4501 1772 4562; x_wconf 81' lang='lat' dir='ltr'><strong>(a.</strong></span> <span class='ocrx_word' id='word_1_362' title='bbox 1784 4501 1819 4561; x_wconf 80' lang='lat' dir='ltr'><strong>a).</strong></span> 
     </span>
     <span class='ocr_line' id='line_1_34' title="bbox 844 4577 1519 4644; baseline 0.003 -16"><span class='ocrx_word' id='word_1_363' title='bbox 844 4579 852 4607; x_wconf 76' lang='lat'><strong>⁴</strong></span> <span class='ocrx_word' id='word_1_364' title='bbox 869 4579 940 4628; x_wconf 87' lang='lat' dir='ltr'><strong>Caes.</strong></span> <span class='ocrx_word' id='word_1_365' title='bbox 952 4594 975 4642; x_wconf 86' lang='lat'><strong>4.</strong></span> <span class='ocrx_word' id='word_1_366' title='bbox 988 4577 1045 4629; x_wconf 90' lang='lat' dir='ltr'><strong>Gal.</strong></span> <span class='ocrx_word' id='word_1_367' title='bbox 1060 4593 1097 4628; x_wconf 83' lang='lat' dir='ltr'><strong>ao.</strong></span> <span class='ocrx_word' id='word_1_368' title='bbox 1329 4579 1339 4609; x_wconf 79' lang='lat'><strong><em>⁵</em></strong></span> <span class='ocrx_word' id='word_1_369' title='bbox 1355 4581 1427 4632; x_wconf 85' lang='lat' dir='ltr'><strong>Paus.</strong></span> <span class='ocrx_word' id='word_1_370' title='bbox 1438 4582 1482 4632; x_wconf 92' lang='lat' dir='ltr'><strong>lib.</strong></span> <span class='ocrx_word' id='word_1_371' title='bbox 1497 4591 1519 4644; x_wconf 83' lang='lat'><strong>7.</strong></span> 
     </span>
    </p>
   </div>
   <div class='ocr_carea' id='block_1_4' title="bbox 486 4717 863 4730">
    <p class='ocr_par' dir='ltr' id='par_1_5' title="bbox 486 4717 863 4730">
     <span class='ocr_line' id='line_1_35' title="bbox 486 4717 863 4730; baseline -0.011 -1"><span class='ocrx_word' id='word_1_372' title='bbox 486 4717 863 4730; x_wconf 71' lang='lat'><em>——-—-—-——-—-——</em></span> 
     </span>
    </p>
   </div>
   <div class='ocr_carea' id='block_1_5' title="bbox 0 0 2306 5562">
    <p class='ocr_par' dir='ltr' id='par_1_6' title="bbox 0 0 2306 5562">
     <span class='ocr_line' id='line_1_36' title="bbox 0 0 2306 5562; baseline 0 3"><span class='ocrx_word' id='word_1_373' title='bbox 0 0 2306 5562; x_wconf 95' lang='lat' dir='ltr'><strong> </strong></span> 
     </span>
    </p>
   </div>
  </div>
 </body>
</html>
