<?xml version="1.0" encoding="UTF-8"?>
<!DOCTYPE html PUBLIC "-//W3C//DTD XHTML 1.0 Transitional//EN"
    "http://www.w3.org/TR/xhtml1/DTD/xhtml1-transitional.dtd">
<html xmlns="http://www.w3.org/1999/xhtml" xml:lang="en" lang="en">
 <head>
  <title>
</title>
<meta http-equiv="Content-Type" content="text/html;charset=utf-8" />
  <meta name='ocr-system' content='tesseract 3.04.00' />
  <meta name='ocr-capabilities' content='ocr_page ocr_carea ocr_par ocr_line ocrx_word'/>
</head>
<body>
  <div class='ocr_page' id='page_1' title='image "albericigentili01gentgoog_0072.png"; bbox 0 0 4456 5566; ppageno 0'>
   <div class='ocr_carea' id='block_1_1' title="bbox 741 709 1795 802">
    <p class='ocr_par' dir='ltr' id='par_1_1' title="bbox 741 709 1795 802">
     <span class='ocr_line' id='line_1_1' title="bbox 741 709 1795 802; baseline 0.006 -23"><span class='ocrx_word' id='word_1_1' title='bbox 741 725 802 780; x_wconf 75' lang='lat' dir='ltr'>oa</span> <span class='ocrx_word' id='word_1_2' title='bbox 830 725 934 781; x_wconf 74' lang='lat' dir='ltr'>runa</span> <span class='ocrx_word' id='word_1_3' title='bbox 963 725 1099 797; x_wconf 68' lang='lat' dir='ltr'>Baras,</span> <span class='ocrx_word' id='word_1_4' title='bbox 1128 724 1255 796; x_wconf 74' lang='lat' dir='ltr'>arar,</span> <span class='ocrx_word' id='word_1_5' title='bbox 1288 725 1376 781; x_wconf 71' lang='lat' dir='ltr'>cnr.</span> <span class='ocrx_word' id='word_1_6' title='bbox 1399 709 1481 782; x_wconf 81' lang='lat' dir='ltr'>rx.&#39;</span> <span class='ocrx_word' id='word_1_7' title='bbox 1752 735 1795 802; x_wconf 84' lang='lat'>39</span> 
     </span>
    </p>
   </div>
   <div class='ocr_carea' id='block_1_2' title="bbox 399 963 1799 4274">
    <p class='ocr_par' dir='ltr' id='par_1_2' title="bbox 399 963 1797 1600">
     <span class='ocr_line' id='line_1_2' title="bbox 401 963 1797 1047; baseline 0 -15"><span class='ocrx_word' id='word_1_8' title='bbox 401 968 509 1033; x_wconf 90' lang='lat' dir='ltr'>Deum</span> <span class='ocrx_word' id='word_1_9' title='bbox 527 977 587 1034; x_wconf 83' lang='lat' dir='ltr'>est.</span> <span class='ocrx_word' id='word_1_10' title='bbox 633 963 690 1032; x_wconf 87' lang='lat' dir='ltr'>ius</span> <span class='ocrx_word' id='word_1_11' title='bbox 707 977 758 1032; x_wconf 91' lang='lat' dir='ltr'>est</span> <span class='ocrx_word' id='word_1_12' title='bbox 781 968 938 1046; x_wconf 92' lang='lat' dir='ltr'>diuinum,</span> <span class='ocrx_word' id='word_1_13' title='bbox 958 968 991 1032; x_wconf 93' lang='lat' dir='ltr'>id</span> <span class='ocrx_word' id='word_1_14' title='bbox 1011 977 1068 1047; x_wconf 90' lang='lat' dir='ltr'>est,</span> <span class='ocrx_word' id='word_1_15' title='bbox 1087 970 1172 1032; x_wconf 91' lang='lat' dir='ltr'>inter</span> <span class='ocrx_word' id='word_1_16' title='bbox 1190 967 1300 1032; x_wconf 89' lang='lat' dir='ltr'>Deum</span> <span class='ocrx_word' id='word_1_17' title='bbox 1324 977 1358 1033; x_wconf 93' lang='lat' dir='ltr'>et</span> <span class='ocrx_word' id='word_1_18' title='bbox 1378 967 1566 1031; x_wconf 91' lang='lat' dir='ltr'>hominem:</span> <span class='ocrx_word' id='word_1_19' title='bbox 1594 988 1660 1034; x_wconf 92' lang='lat' dir='ltr'>non</span> <span class='ocrx_word' id='word_1_20' title='bbox 1678 967 1797 1033; x_wconf 89' lang='lat' dir='ltr'>estius</span> 
     </span>
     <span class='ocr_line' id='line_1_3' title="bbox 399 1077 1797 1162; baseline 0.001 -21"><span class='ocrx_word' id='word_1_21' title='bbox 399 1078 587 1158; x_wconf 91' lang='lat' dir='ltr'>humanum,</span> <span class='ocrx_word' id='word_1_22' title='bbox 603 1079 636 1142; x_wconf 94' lang='lat' dir='ltr'>id</span> <span class='ocrx_word' id='word_1_23' title='bbox 655 1089 713 1157; x_wconf 90' lang='lat' dir='ltr'>est,</span> <span class='ocrx_word' id='word_1_24' title='bbox 729 1079 814 1143; x_wconf 90' lang='lat' dir='ltr'>inter</span> <span class='ocrx_word' id='word_1_25' title='bbox 828 1078 996 1143; x_wconf 92' lang='lat' dir='ltr'>hominem</span> <span class='ocrx_word' id='word_1_26' title='bbox 1016 1088 1051 1143; x_wconf 90' lang='lat' dir='ltr'>et</span> <span class='ocrx_word' id='word_1_27' title='bbox 1067 1078 1246 1144; x_wconf 90' lang='lat' dir='ltr'>hominem.</span> <span class='ocrx_word' id='word_1_28' title='bbox 1292 1077 1384 1142; x_wconf 89' lang='lat' dir='ltr'>Nihil</span> <span class='ocrx_word' id='word_1_29' title='bbox 1403 1080 1503 1162; x_wconf 87' lang='lat' dir='ltr'>igitur</span> <span class='ocrx_word' id='word_1_30' title='bbox 1516 1079 1678 1162; x_wconf 88' lang='lat' dir='ltr'>quaeritat</span> <span class='ocrx_word' id='word_1_31' title='bbox 1695 1079 1797 1144; x_wconf 92' lang='lat' dir='ltr'>homo</span> 
     </span>
     <span class='ocr_line' id='line_1_4' title="bbox 399 1187 1796 1273; baseline 0.001 -20"><span class='ocrx_word' id='word_1_32' title='bbox 399 1191 556 1254; x_wconf 85' lang='lat' dir='ltr'>uiolatum</span> <span class='ocrx_word' id='word_1_33' title='bbox 572 1190 632 1253; x_wconf 93' lang='lat' dir='ltr'>sibi</span> <span class='ocrx_word' id='word_1_34' title='bbox 649 1189 692 1252; x_wconf 96' lang='lat' dir='ltr'>ob</span> <span class='ocrx_word' id='word_1_35' title='bbox 708 1189 807 1253; x_wconf 89' lang='lat' dir='ltr'>aliam</span> <span class='ocrx_word' id='word_1_36' title='bbox 824 1187 1022 1273; x_wconf 84' lang='lat' dir='ltr'>religionem.</span> <span class='ocrx_word' id='word_1_37' title='bbox 1068 1189 1174 1254; x_wconf 90' lang='lat' dir='ltr'>Aiunt</span> <span class='ocrx_word' id='word_1_38' title='bbox 1196 1190 1251 1253; x_wconf 89' lang='lat' dir='ltr'>alii</span> <span class='ocrx_word' id='word_1_39' title='bbox 1270 1188 1495 1273; x_wconf 87' lang='lat' dir='ltr'>imperatores,</span> <span class='ocrx_word' id='word_1_40' title='bbox 1511 1191 1544 1253; x_wconf 92' lang='lat' dir='ltr'>in</span> <span class='ocrx_word' id='word_1_41' title='bbox 1559 1191 1706 1255; x_wconf 92' lang='lat' dir='ltr'>omnium</span> <span class='ocrx_word' id='word_1_42' title='bbox 1721 1190 1796 1255; x_wconf 81' lang='lat' dir='ltr'>ferri</span> 
     </span>
     <span class='ocr_line' id='line_1_5' title="bbox 399 1296 1797 1384; baseline 0.002 -21"><span class='ocrx_word' id='word_1_43' title='bbox 399 1300 556 1378; x_wconf 92' lang='lat' dir='ltr'>iniuriam,</span> <span class='ocrx_word' id='word_1_44' title='bbox 576 1301 603 1364; x_wconf 92' lang='lat' dir='ltr'>si</span> <span class='ocrx_word' id='word_1_45' title='bbox 627 1301 870 1365; x_wconf 84' lang='lat' dir='ltr'>contaminetur</span> <span class='ocrx_word' id='word_1_46' title='bbox 892 1300 1005 1384; x_wconf 87' lang='lat' dir='ltr'>religio</span> <span class='ocrx_word' id='word_1_47' title='bbox 1015 1299 1033 1365; x_wconf 91' lang='lat'>¹.</span> <span class='ocrx_word' id='word_1_48' title='bbox 1080 1300 1125 1365; x_wconf 91' lang='lat' dir='ltr'>Et</span> <span class='ocrx_word' id='word_1_49' title='bbox 1149 1300 1195 1365; x_wconf 90' lang='lat' dir='ltr'>M.</span> <span class='ocrx_word' id='word_1_50' title='bbox 1218 1296 1356 1375; x_wconf 87' lang='lat' dir='ltr'>Tullius,</span> <span class='ocrx_word' id='word_1_51' title='bbox 1381 1302 1470 1384; x_wconf 93' lang='lat' dir='ltr'>quod</span> <span class='ocrx_word' id='word_1_52' title='bbox 1494 1301 1618 1384; x_wconf 91' lang='lat' dir='ltr'>pietate</span> <span class='ocrx_word' id='word_1_53' title='bbox 1639 1304 1797 1367; x_wconf 86' lang='lat' dir='ltr'>aduersus</span> 
     </span>
     <span class='ocr_line' id='line_1_6' title="bbox 400 1411 1797 1494; baseline 0.001 -19"><span class='ocrx_word' id='word_1_54' title='bbox 400 1411 489 1475; x_wconf 90' lang='lat' dir='ltr'><strong>Deos</strong></span> <span class='ocrx_word' id='word_1_55' title='bbox 505 1411 646 1487; x_wconf 88' lang='lat' dir='ltr'>sublata,</span> <span class='ocrx_word' id='word_1_56' title='bbox 663 1411 746 1476; x_wconf 89' lang='lat' dir='ltr'>fides</span> <span class='ocrx_word' id='word_1_57' title='bbox 763 1413 872 1490; x_wconf 91' lang='lat' dir='ltr'>etiam,</span> <span class='ocrx_word' id='word_1_58' title='bbox 885 1421 918 1476; x_wconf 91' lang='lat' dir='ltr'>et</span> <span class='ocrx_word' id='word_1_59' title='bbox 934 1412 1075 1477; x_wconf 88' lang='lat' dir='ltr'>societas</span> <span class='ocrx_word' id='word_1_60' title='bbox 1089 1412 1225 1476; x_wconf 90' lang='lat' dir='ltr'>humani</span> <span class='ocrx_word' id='word_1_61' title='bbox 1241 1413 1377 1494; x_wconf 91' lang='lat' dir='ltr'>generis,</span> <span class='ocrx_word' id='word_1_62' title='bbox 1390 1422 1423 1477; x_wconf 89' lang='lat' dir='ltr'>et</span> <span class='ocrx_word' id='word_1_63' title='bbox 1439 1433 1503 1476; x_wconf 88' lang='lat' dir='ltr'>una</span> <span class='ocrx_word' id='word_1_64' title='bbox 1519 1413 1797 1478; x_wconf 90' lang='lat' dir='ltr'>excellentissima</span> 
     </span>
     <span class='ocr_line' id='line_1_7' title="bbox 400 1520 821 1600; baseline 0.002 -14"><span class='ocrx_word' id='word_1_65' title='bbox 400 1523 509 1600; x_wconf 89' lang='lat' dir='ltr'>uirtus,</span> <span class='ocrx_word' id='word_1_66' title='bbox 524 1523 649 1587; x_wconf 89' lang='lat' dir='ltr'>iustitia</span> <span class='ocrx_word' id='word_1_67' title='bbox 664 1520 821 1587; x_wconf 82' lang='lat' dir='ltr'>tollitur².</span> 
     </span>
    </p>

    <p class='ocr_par' dir='ltr' id='par_1_3' title="bbox 401 1632 1798 2717">
     <span class='ocr_line' id='line_1_8' title="bbox 440 1632 1797 1718; baseline 0.001 -21"><span class='ocrx_word' id='word_1_68' title='bbox 440 1632 491 1698; x_wconf 88' lang='lat' dir='ltr'>At</span> <span class='ocrx_word' id='word_1_69' title='bbox 507 1653 614 1716; x_wconf 90' lang='lat' dir='ltr'>neque</span> <span class='ocrx_word' id='word_1_70' title='bbox 629 1653 691 1697; x_wconf 93' lang='lat' dir='ltr'>nos</span> <span class='ocrx_word' id='word_1_71' title='bbox 705 1633 872 1716; x_wconf 88' lang='lat' dir='ltr'>loquimur</span> <span class='ocrx_word' id='word_1_72' title='bbox 883 1654 969 1698; x_wconf 87' lang='lat' dir='ltr'>nunc</span> <span class='ocrx_word' id='word_1_73' title='bbox 981 1633 1024 1698; x_wconf 92' lang='lat' dir='ltr'>de</span> <span class='ocrx_word' id='word_1_74' title='bbox 1038 1633 1090 1698; x_wconf 90' lang='lat' dir='ltr'>his</span> <span class='ocrx_word' id='word_1_75' title='bbox 1104 1635 1168 1716; x_wconf 92' lang='lat' dir='ltr'>qui,</span> <span class='ocrx_word' id='word_1_76' title='bbox 1180 1633 1322 1698; x_wconf 84' lang='lat' dir='ltr'>serarum</span> <span class='ocrx_word' id='word_1_77' title='bbox 1338 1635 1438 1698; x_wconf 93' lang='lat' dir='ltr'>modo</span> <span class='ocrx_word' id='word_1_78' title='bbox 1454 1635 1559 1717; x_wconf 86' lang='lat' dir='ltr'>magis</span> <span class='ocrx_word' id='word_1_79' title='bbox 1574 1656 1675 1718; x_wconf 91' lang='lat' dir='ltr'>quam</span> <span class='ocrx_word' id='word_1_80' title='bbox 1690 1634 1797 1701; x_wconf 90' lang='lat' dir='ltr'>homi·</span> 
     </span>
     <span class='ocr_line' id='line_1_9' title="bbox 401 1744 1797 1829; baseline 0.002 -21"><span class='ocrx_word' id='word_1_81' title='bbox 401 1765 477 1808; x_wconf 92' lang='lat' dir='ltr'>num</span> <span class='ocrx_word' id='word_1_82' title='bbox 496 1745 654 1822; x_wconf 87' lang='lat' dir='ltr'>uiuentes,</span> <span class='ocrx_word' id='word_1_83' title='bbox 666 1745 737 1808; x_wconf 90' lang='lat' dir='ltr'>sine</span> <span class='ocrx_word' id='word_1_84' title='bbox 752 1744 819 1810; x_wconf 91' lang='lat' dir='ltr'>ulla</span> <span class='ocrx_word' id='word_1_85' title='bbox 831 1746 965 1809; x_wconf 90' lang='lat' dir='ltr'>omnino</span> <span class='ocrx_word' id='word_1_86' title='bbox 981 1745 1136 1828; x_wconf 87' lang='lat' dir='ltr'>religione</span> <span class='ocrx_word' id='word_1_87' title='bbox 1151 1755 1248 1824; x_wconf 89' lang='lat' dir='ltr'>sunt;</span> <span class='ocrx_word' id='word_1_88' title='bbox 1271 1746 1333 1810; x_wconf 90' lang='lat' dir='ltr'>hos</span> <span class='ocrx_word' id='word_1_89' title='bbox 1347 1744 1437 1809; x_wconf 91' lang='lat' dir='ltr'>enim</span> <span class='ocrx_word' id='word_1_90' title='bbox 1451 1747 1544 1828; x_wconf 89' lang='lat' dir='ltr'>quasi</span> <span class='ocrx_word' id='word_1_91' title='bbox 1560 1746 1690 1829; x_wconf 81' lang='lat' dir='ltr'>piratas,</span> <span class='ocrx_word' id='word_1_92' title='bbox 1706 1765 1797 1811; x_wconf 92' lang='lat' dir='ltr'>com·</span> 
     </span>
     <span class='ocr_line' id='line_1_10' title="bbox 402 1854 1796 1940; baseline 0.001 -22"><span class='ocrx_word' id='word_1_93' title='bbox 402 1875 513 1920; x_wconf 90' lang='lat' dir='ltr'>munes</span> <span class='ocrx_word' id='word_1_94' title='bbox 530 1854 644 1919; x_wconf 88' lang='lat' dir='ltr'>hostes</span> <span class='ocrx_word' id='word_1_95' title='bbox 661 1855 819 1934; x_wconf 88' lang='lat' dir='ltr'>omnium,</span> <span class='ocrx_word' id='word_1_96' title='bbox 834 1855 924 1921; x_wconf 91' lang='lat' dir='ltr'>bello</span> <span class='ocrx_word' id='word_1_97' title='bbox 942 1857 1193 1940; x_wconf 88' lang='lat' dir='ltr'>persequendos,</span> <span class='ocrx_word' id='word_1_98' title='bbox 1209 1866 1243 1922; x_wconf 91' lang='lat' dir='ltr'>et</span> <span class='ocrx_word' id='word_1_99' title='bbox 1261 1857 1429 1939; x_wconf 87' lang='lat' dir='ltr'>cogendos</span> <span class='ocrx_word' id='word_1_100' title='bbox 1447 1857 1481 1920; x_wconf 94' lang='lat' dir='ltr'>in</span> <span class='ocrx_word' id='word_1_101' title='bbox 1499 1876 1607 1920; x_wconf 90' lang='lat' dir='ltr'>mores</span> <span class='ocrx_word' id='word_1_102' title='bbox 1624 1856 1796 1921; x_wconf 93' lang='lat' dir='ltr'>hominum</span> 
     </span>
     <span class='ocr_line' id='line_1_11' title="bbox 401 1967 1797 2051; baseline 0.002 -21"><span class='ocrx_word' id='word_1_103' title='bbox 401 1967 579 2031; x_wconf 89' lang='lat' dir='ltr'>arbitrarer.</span> <span class='ocrx_word' id='word_1_104' title='bbox 626 1967 673 2030; x_wconf 89' lang='lat' dir='ltr'>Hi</span> <span class='ocrx_word' id='word_1_105' title='bbox 691 1967 779 2030; x_wconf 91' lang='lat' dir='ltr'>enirn</span> <span class='ocrx_word' id='word_1_106' title='bbox 799 1987 876 2030; x_wconf 92' lang='lat' dir='ltr'>uere</span> <span class='ocrx_word' id='word_1_107' title='bbox 891 1968 1044 2031; x_wconf 92' lang='lat' dir='ltr'>uidentur</span> <span class='ocrx_word' id='word_1_108' title='bbox 1058 1967 1165 2030; x_wconf 93' lang='lat' dir='ltr'>iniurii</span> <span class='ocrx_word' id='word_1_109' title='bbox 1181 1968 1334 2032; x_wconf 91' lang='lat' dir='ltr'>omnibus</span> <span class='ocrx_word' id='word_1_110' title='bbox 1350 1967 1546 2046; x_wconf 88' lang='lat' dir='ltr'>hominibus,</span> <span class='ocrx_word' id='word_1_111' title='bbox 1562 1969 1617 2050; x_wconf 95' lang='lat' dir='ltr'>qui</span> <span class='ocrx_word' id='word_1_112' title='bbox 1636 1969 1669 2031; x_wconf 91' lang='lat' dir='ltr'>in</span> <span class='ocrx_word' id='word_1_113' title='bbox 1687 1969 1797 2051; x_wconf 90' lang='lat' dir='ltr'>specie</span> 
     </span>
     <span class='ocr_line' id='line_1_12' title="bbox 402 2077 1797 2172; baseline 0.001 -32"><span class='ocrx_word' id='word_1_114' title='bbox 402 2077 570 2141; x_wconf 93' lang='lat' dir='ltr'>hominum</span> <span class='ocrx_word' id='word_1_115' title='bbox 582 2087 685 2160; x_wconf 86' lang='lat' dir='ltr'>agunt</span> <span class='ocrx_word' id='word_1_116' title='bbox 697 2079 801 2142; x_wconf 85' lang='lat' dir='ltr'>uitam</span> <span class='ocrx_word' id='word_1_117' title='bbox 816 2079 987 2143; x_wconf 86' lang='lat' dir='ltr'>bmtorum</span> <span class='ocrx_word' id='word_1_118' title='bbox 1002 2078 1274 2143; x_wconf 89' lang='lat' dir='ltr'>brutissimorum.</span> <span class='ocrx_word' id='word_1_119' title='bbox 1301 2078 1386 2142; x_wconf 91' lang='lat' dir='ltr'>Esse</span> <span class='ocrx_word' id='word_1_120' title='bbox 1397 2078 1485 2142; x_wconf 92' lang='lat' dir='ltr'>enim</span> <span class='ocrx_word' id='word_1_121' title='bbox 1500 2087 1534 2142; x_wconf 92' lang='lat' dir='ltr'>et</span> <span class='ocrx_word' id='word_1_122' title='bbox 1549 2079 1653 2142; x_wconf 88' lang='lat' dir='ltr'>brutis</span> <span class='ocrx_word' id='word_1_123' title='bbox 1664 2079 1797 2172; x_wconf 77' lang='lat' dir='ltr'>quibus·</span> 
     </span>
     <span class='ocr_line' id='line_1_13' title="bbox 402 2187 1797 2273; baseline 0.002 -22"><span class='ocrx_word' id='word_1_124' title='bbox 402 2187 477 2252; x_wconf 92' lang='lat' dir='ltr'>dam</span> <span class='ocrx_word' id='word_1_125' title='bbox 493 2189 684 2271; x_wconf 84' lang='lat' dir='ltr'>religionem</span> <span class='ocrx_word' id='word_1_126' title='bbox 699 2188 854 2272; x_wconf 88' lang='lat' dir='ltr'>aliquam,</span> <span class='ocrx_word' id='word_1_127' title='bbox 869 2189 1026 2253; x_wconf 86' lang='lat' dir='ltr'>traditum</span> <span class='ocrx_word' id='word_1_128' title='bbox 1043 2199 1077 2254; x_wconf 89' lang='lat' dir='ltr'>et</span> <span class='ocrx_word' id='word_1_129' title='bbox 1093 2189 1253 2253; x_wconf 91' lang='lat' dir='ltr'>creditum</span> <span class='ocrx_word' id='word_1_130' title='bbox 1269 2199 1319 2254; x_wconf 91' lang='lat' dir='ltr'>est</span> <span class='ocrx_word' id='word_1_131' title='bbox 1329 2189 1351 2254; x_wconf 78' lang='lat'>³.</span> <span class='ocrx_word' id='word_1_132' title='bbox 1390 2190 1438 2252; x_wconf 94' lang='lat' dir='ltr'>Hi</span> <span class='ocrx_word' id='word_1_133' title='bbox 1453 2199 1538 2268; x_wconf 87' lang='lat' dir='ltr'>sunt,</span> <span class='ocrx_word' id='word_1_134' title='bbox 1553 2191 1610 2273; x_wconf 93' lang='lat' dir='ltr'>qui</span> <span class='ocrx_word' id='word_1_135' title='bbox 1624 2190 1797 2273; x_wconf 85' lang='lat' dir='ltr'>gigantum</span> 
     </span>
     <span class='ocr_line' id='line_1_14' title="bbox 403 2297 1798 2384; baseline 0.003 -22"><span class='ocrx_word' id='word_1_136' title='bbox 403 2319 490 2363; x_wconf 89' lang='lat' dir='ltr'>more</span> <span class='ocrx_word' id='word_1_137' title='bbox 500 2298 626 2364; x_wconf 91' lang='lat' dir='ltr'>bellum</span> <span class='ocrx_word' id='word_1_138' title='bbox 636 2311 753 2384; x_wconf 88' lang='lat' dir='ltr'>gerunt</span> <span class='ocrx_word' id='word_1_139' title='bbox 768 2319 843 2364; x_wconf 92' lang='lat' dir='ltr'>cum</span> <span class='ocrx_word' id='word_1_140' title='bbox 859 2299 943 2364; x_wconf 93' lang='lat' dir='ltr'>Deo.</span> <span class='ocrx_word' id='word_1_141' title='bbox 973 2301 1063 2364; x_wconf 90' lang='lat' dir='ltr'>Nam</span> <span class='ocrx_word' id='word_1_142' title='bbox 1075 2301 1166 2382; x_wconf 92' lang='lat' dir='ltr'>‘quid</span> <span class='ocrx_word' id='word_1_143' title='bbox 1183 2297 1271 2364; x_wconf 85' lang='lat' dir='ltr'>aliud</span> <span class='ocrx_word' id='word_1_144' title='bbox 1287 2309 1349 2378; x_wconf 86' lang='lat' dir='ltr'>est,</span> <span class='ocrx_word' id='word_1_145' title='bbox 1361 2321 1436 2364; x_wconf 89' lang='lat' dir='ltr'>cum</span> <span class='ocrx_word' id='word_1_146' title='bbox 1448 2300 1511 2364; x_wconf 88' lang='lat' dir='ltr'>diis</span> <span class='ocrx_word' id='word_1_147' title='bbox 1522 2301 1695 2383; x_wconf 85' lang='lat' dir='ltr'>gigantum</span> <span class='ocrx_word' id='word_1_148' title='bbox 1707 2321 1798 2366; x_wconf 91' lang='lat' dir='ltr'>more</span> 
     </span>
     <span class='ocr_line' id='line_1_15' title="bbox 403 2408 1797 2494; baseline 0.004 -21"><span class='ocrx_word' id='word_1_149' title='bbox 403 2413 409 2440; x_wconf 79' lang='lat'>⁸</span> <span class='ocrx_word' id='word_1_150' title='bbox 423 2409 554 2489; x_wconf 87' lang='lat' dir='ltr'>bellare,</span> <span class='ocrx_word' id='word_1_151' title='bbox 571 2410 633 2474; x_wconf 90' lang='lat' dir='ltr'>nisi</span> <span class='ocrx_word' id='word_1_152' title='bbox 650 2419 786 2474; x_wconf 88' lang='lat' dir='ltr'>naturae</span> <span class='ocrx_word' id='word_1_153' title='bbox 800 2430 983 2493; x_wconf 89' lang='lat' dir='ltr'>repugnare</span> <span class='ocrx_word' id='word_1_154' title='bbox 994 2408 1037 2472; x_wconf 59' lang='grc' dir='ltr'>Ψ</span> <span class='ocrx_word' id='word_1_155' title='bbox 1069 2410 1152 2475; x_wconf 89' lang='lat' dir='ltr'>Iuris</span> <span class='ocrx_word' id='word_1_156' title='bbox 1168 2421 1304 2475; x_wconf 90' lang='lat' dir='ltr'>naturae</span> <span class='ocrx_word' id='word_1_157' title='bbox 1319 2421 1368 2476; x_wconf 90' lang='lat' dir='ltr'>est</span> <span class='ocrx_word' id='word_1_158' title='bbox 1387 2411 1509 2494; x_wconf 86' lang='lat' dir='ltr'>religio.</span> <span class='ocrx_word' id='word_1_159' title='bbox 1546 2412 1591 2476; x_wconf 91' lang='lat' dir='ltr'>Et</span> <span class='ocrx_word' id='word_1_160' title='bbox 1610 2412 1723 2494; x_wconf 87' lang='lat' dir='ltr'>itaque</span> <span class='ocrx_word' id='word_1_161' title='bbox 1736 2432 1797 2478; x_wconf 89' lang='lat' dir='ltr'>nec</span> 
     </span>
     <span class='ocr_line' id='line_1_16' title="bbox 402 2502 1797 2606; baseline 0.003 -22"><span class='ocrx_word' id='word_1_162' title='bbox 402 2521 657 2603; x_wconf 85' lang='lat' dir='ltr'>patrocinabitur</span> <span class='ocrx_word' id='word_1_163' title='bbox 672 2522 722 2584; x_wconf 92' lang='lat' dir='ltr'>ius</span> <span class='ocrx_word' id='word_1_164' title='bbox 737 2523 827 2587; x_wconf 91' lang='lat' dir='ltr'>istud</span> <span class='ocrx_word' id='word_1_165' title='bbox 842 2523 1034 2605; x_wconf 88' lang='lat' dir='ltr'>expertibus</span> <span class='ocrx_word' id='word_1_166' title='bbox 1050 2523 1160 2605; x_wconf 91' lang='lat' dir='ltr'>ipsius.</span> <span class='ocrx_word' id='word_1_167' title='bbox 1208 2521 1252 2586; x_wconf 88' lang='lat' dir='ltr'>Et</span> <span class='ocrx_word' id='word_1_168' title='bbox 1267 2522 1331 2588; x_wconf 93' lang='lat' dir='ltr'>hoc</span> <span class='ocrx_word' id='word_1_169' title='bbox 1346 2532 1457 2588; x_wconf 91' lang='lat' dir='ltr'>tamen</span> <span class='ocrx_word' id='word_1_170' title='bbox 1472 2524 1569 2601; x_wconf 88' lang='lat' dir='ltr'>add0,</span> <span class='ocrx_word' id='word_1_171' title='bbox 1581 2534 1715 2606; x_wconf 84' lang='lat' dir='ltr'>gentem</span> <span class='ocrx_word' id='word_1_172' title='bbox 1731 2502 1797 2588; x_wconf 87' lang='lat' dir='ltr'>non</span> 
     </span>
     <span class='ocr_line' id='line_1_17' title="bbox 403 2631 1796 2717; baseline 0.004 -23"><span class='ocrx_word' id='word_1_173' title='bbox 403 2651 471 2696; x_wconf 89' lang='lat' dir='ltr'>esse</span> <span class='ocrx_word' id='word_1_174' title='bbox 480 2633 650 2710; x_wconf 89' lang='lat' dir='ltr'>eiusmodi,</span> <span class='ocrx_word' id='word_1_175' title='bbox 660 2633 712 2696; x_wconf 90' lang='lat' dir='ltr'>cui</span> <span class='ocrx_word' id='word_1_176' title='bbox 722 2631 836 2716; x_wconf 86' lang='lat' dir='ltr'>religio</span> <span class='ocrx_word' id='word_1_177' title='bbox 848 2632 1015 2697; x_wconf 83' lang='lat' dir='ltr'>nullasit⁵.</span> <span class='ocrx_word' id='word_1_178' title='bbox 1035 2632 1123 2716; x_wconf 88' lang='lat' dir='ltr'>Age,</span> <span class='ocrx_word' id='word_1_179' title='bbox 1133 2633 1279 2715; x_wconf 89' lang='lat' dir='ltr'>aliquam</span> <span class='ocrx_word' id='word_1_180' title='bbox 1291 2633 1370 2697; x_wconf 93' lang='lat' dir='ltr'>mihi</span> <span class='ocrx_word' id='word_1_181' title='bbox 1379 2635 1540 2698; x_wconf 91' lang='lat' dir='ltr'>eiusmodi</span> <span class='ocrx_word' id='word_1_182' title='bbox 1549 2644 1683 2717; x_wconf 89' lang='lat' dir='ltr'>gentem</span> <span class='ocrx_word' id='word_1_183' title='bbox 1693 2655 1796 2700; x_wconf 83' lang='lat' dir='ltr'>narra</span> 
     </span>
    </p>

    <p class='ocr_par' dir='ltr' id='par_1_4' title="bbox 402 2740 1799 4274">
     <span class='ocr_line' id='line_1_18' title="bbox 445 2740 1799 2827; baseline 0.005 -22"><span class='ocrx_word' id='word_1_184' title='bbox 445 2742 497 2806; x_wconf 90' lang='lat' dir='ltr'>llli</span> <span class='ocrx_word' id='word_1_185' title='bbox 516 2753 671 2826; x_wconf 87' lang='lat' dir='ltr'>expertes</span> <span class='ocrx_word' id='word_1_186' title='bbox 687 2763 752 2807; x_wconf 90' lang='lat' dir='ltr'>non</span> <span class='ocrx_word' id='word_1_187' title='bbox 772 2753 849 2808; x_wconf 89' lang='lat' dir='ltr'>sunt</span> <span class='ocrx_word' id='word_1_188' title='bbox 865 2745 942 2808; x_wconf 90' lang='lat' dir='ltr'>iuris</span> <span class='ocrx_word' id='word_1_189' title='bbox 960 2753 1096 2808; x_wconf 91' lang='lat' dir='ltr'>naturae</span> <span class='ocrx_word' id='word_1_190' title='bbox 1114 2740 1211 2808; x_wconf 87' lang='lat' dir='ltr'>huius</span> <span class='ocrx_word' id='word_1_191' title='bbox 1228 2745 1285 2827; x_wconf 91' lang='lat' dir='ltr'>qui</span> <span class='ocrx_word' id='word_1_192' title='bbox 1304 2765 1412 2809; x_wconf 91' lang='lat' dir='ltr'>errore</span> <span class='ocrx_word' id='word_1_193' title='bbox 1425 2744 1571 2810; x_wconf 91' lang='lat' dir='ltr'>humano</span> <span class='ocrx_word' id='word_1_194' title='bbox 1587 2755 1748 2825; x_wconf 88' lang='lat' dir='ltr'>tenentur,</span> <span class='ocrx_word' id='word_1_195' title='bbox 1764 2756 1799 2812; x_wconf 88' lang='lat' dir='ltr'>et</span> 
     </span>
     <span class='ocr_line' id='line_1_19' title="bbox 403 2854 1797 2938; baseline 0.002 -20"><span class='ocrx_word' id='word_1_196' title='bbox 403 2854 477 2918; x_wconf 92' lang='lat' dir='ltr'>boni</span> <span class='ocrx_word' id='word_1_197' title='bbox 494 2854 674 2938; x_wconf 88' lang='lat' dir='ltr'>cupiditate</span> <span class='ocrx_word' id='word_1_198' title='bbox 689 2855 861 2934; x_wconf 88' lang='lat' dir='ltr'>ducuntur,</span> <span class='ocrx_word' id='word_1_199' title='bbox 876 2864 910 2920; x_wconf 90' lang='lat' dir='ltr'>et</span> <span class='ocrx_word' id='word_1_200' title='bbox 928 2875 994 2919; x_wconf 94' lang='lat' dir='ltr'>non</span> <span class='ocrx_word' id='word_1_201' title='bbox 1012 2855 1135 2920; x_wconf 87' lang='lat' dir='ltr'>bonam</span> <span class='ocrx_word' id='word_1_202' title='bbox 1158 2855 1350 2938; x_wconf 84' lang='lat' dir='ltr'>religionem</span> <span class='ocrx_word' id='word_1_203' title='bbox 1373 2865 1547 2921; x_wconf 89' lang='lat' dir='ltr'>sectantur.</span> <span class='ocrx_word' id='word_1_204' title='bbox 1593 2857 1649 2923; x_wconf 91' lang='lat' dir='ltr'>Sic</span> <span class='ocrx_word' id='word_1_205' title='bbox 1674 2857 1797 2921; x_wconf 89' lang='lat' dir='ltr'>miseri-</span> 
     </span>
     <span class='ocr_line' id='line_1_20' title="bbox 402 2964 1797 3050; baseline 0.003 -22"><span class='ocrx_word' id='word_1_206' title='bbox 402 2965 511 3029; x_wconf 89' lang='lat' dir='ltr'>cordia</span> <span class='ocrx_word' id='word_1_207' title='bbox 526 2965 644 3047; x_wconf 86' lang='lat' dir='ltr'>dignos</span> <span class='ocrx_word' id='word_1_208' title='bbox 658 2964 865 3030; x_wconf 88' lang='lat' dir='ltr'>Alemannos</span> <span class='ocrx_word' id='word_1_209' title='bbox 880 2966 1080 3044; x_wconf 82' lang='lat' dir='ltr'>idololatrae,</span> <span class='ocrx_word' id='word_1_210' title='bbox 1095 2967 1182 3031; x_wconf 87' lang='lat' dir='ltr'>dixit</span> <span class='ocrx_word' id='word_1_211' title='bbox 1197 2965 1394 3050; x_wconf 73' lang='lat' dir='ltr'>Agathiast</span> <span class='ocrx_word' id='word_1_212' title='bbox 1426 2968 1543 3050; x_wconf 87' lang='lat' dir='ltr'>Itaque</span> <span class='ocrx_word' id='word_1_213' title='bbox 1559 2967 1699 3032; x_wconf 88' lang='lat' dir='ltr'>docendi</span> <span class='ocrx_word' id='word_1_214' title='bbox 1712 2978 1797 3048; x_wconf 91' lang='lat' dir='ltr'>sunt,</span> 
     </span>
     <span class='ocr_line' id='line_1_21' title="bbox 403 3075 1797 3160; baseline 0.004 -21"><span class='ocrx_word' id='word_1_215' title='bbox 403 3085 434 3140; x_wconf 91' lang='lat' dir='ltr'>et</span> <span class='ocrx_word' id='word_1_216' title='bbox 451 3075 586 3155; x_wconf 82' lang='lat' dir='ltr'>ferendi,</span> <span class='ocrx_word' id='word_1_217' title='bbox 604 3098 670 3141; x_wconf 91' lang='lat' dir='ltr'>non</span> <span class='ocrx_word' id='word_1_218' title='bbox 693 3078 832 3160; x_wconf 86' lang='lat' dir='ltr'>cogendi</span> <span class='ocrx_word' id='word_1_219' title='bbox 853 3087 911 3143; x_wconf 90' lang='lat' dir='ltr'>aut</span> <span class='ocrx_word' id='word_1_220' title='bbox 934 3078 1185 3144; x_wconf 87' lang='lat' dir='ltr'>exterminandi.</span> <span class='ocrx_word' id='word_1_221' title='bbox 1231 3079 1373 3143; x_wconf 88' lang='lat' dir='ltr'>Iudaeos</span> <span class='ocrx_word' id='word_1_222' title='bbox 1394 3099 1461 3143; x_wconf 92' lang='lat' dir='ltr'>non</span> <span class='ocrx_word' id='word_1_223' title='bbox 1480 3079 1714 3156; x_wconf 91' lang='lat' dir='ltr'>molestandos,</span> <span class='ocrx_word' id='word_1_224' title='bbox 1731 3099 1797 3144; x_wconf 93' lang='lat' dir='ltr'>non</span> 
     </span>
     <span class='ocr_line' id='line_1_22' title="bbox 403 3188 1798 3273; baseline 0.003 -23"><span class='ocrx_word' id='word_1_225' title='bbox 403 3188 647 3271; x_wconf 90' lang='lat' dir='ltr'>compellendos</span> <span class='ocrx_word' id='word_1_226' title='bbox 665 3189 708 3253; x_wconf 93' lang='lat' dir='ltr'>ad</span> <span class='ocrx_word' id='word_1_227' title='bbox 726 3188 836 3268; x_wconf 88' lang='lat' dir='ltr'>fidem,</span> <span class='ocrx_word' id='word_1_228' title='bbox 851 3191 913 3254; x_wconf 89' lang='lat' dir='ltr'>etsi</span> <span class='ocrx_word' id='word_1_229' title='bbox 931 3199 1007 3273; x_wconf 93' lang='lat' dir='ltr'>post</span> <span class='ocrx_word' id='word_1_230' title='bbox 1027 3189 1193 3255; x_wconf 87' lang='lat' dir='ltr'>Christum</span> <span class='ocrx_word' id='word_1_231' title='bbox 1217 3209 1283 3254; x_wconf 92' lang='lat' dir='ltr'>non</span> <span class='ocrx_word' id='word_1_232' title='bbox 1305 3190 1458 3255; x_wconf 83' lang='lat' dir='ltr'>differant</span> <span class='ocrx_word' id='word_1_233' title='bbox 1475 3189 1522 3254; x_wconf 92' lang='lat' dir='ltr'>illi</span> <span class='ocrx_word' id='word_1_234' title='bbox 1544 3191 1587 3254; x_wconf 91' lang='lat' dir='ltr'>ab</span> <span class='ocrx_word' id='word_1_235' title='bbox 1606 3190 1798 3269; x_wconf 86' lang='lat' dir='ltr'>idololatris,</span> 
     </span>
     <span class='ocr_line' id='line_1_23' title="bbox 403 3299 1796 3386; baseline 0.001 -24"><span class='ocrx_word' id='word_1_236' title='bbox 403 3299 501 3362; x_wconf 86' lang='lat' dir='ltr'>etiam</span> <span class='ocrx_word' id='word_1_237' title='bbox 519 3299 714 3382; x_wconf 87' lang='lat' dir='ltr'>interpretes</span> <span class='ocrx_word' id='word_1_238' title='bbox 729 3299 806 3363; x_wconf 88' lang='lat' dir='ltr'>iuris</span> <span class='ocrx_word' id='word_1_239' title='bbox 825 3319 869 3365; x_wconf 91' lang='lat' dir='ltr'>ex</span> <span class='ocrx_word' id='word_1_240' title='bbox 884 3300 971 3365; x_wconf 89' lang='lat' dir='ltr'>lacto</span> <span class='ocrx_word' id='word_1_241' title='bbox 994 3301 1144 3380; x_wconf 89' lang='lat' dir='ltr'>consulti,</span> <span class='ocrx_word' id='word_1_242' title='bbox 1160 3303 1399 3385; x_wconf 90' lang='lat' dir='ltr'>responderunt</span> <span class='ocrx_word' id='word_1_243' title='bbox 1417 3301 1557 3383; x_wconf 81' lang='lat' dir='ltr'>plures⁷.</span> <span class='ocrx_word' id='word_1_244' title='bbox 1602 3301 1669 3386; x_wconf 87' lang='lat' dir='ltr'>Qui</span> <span class='ocrx_word' id='word_1_245' title='bbox 1684 3309 1796 3365; x_wconf 89' lang='lat' dir='ltr'>autem</span> 
     </span>
     <span class='ocr_line' id='line_1_24' title="bbox 403 3409 1798 3495; baseline 0.001 -22"><span class='ocrx_word' id='word_1_246' title='bbox 403 3430 422 3473; x_wconf 92' lang='lat' dir='ltr'>a</span> <span class='ocrx_word' id='word_1_247' title='bbox 439 3409 582 3475; x_wconf 90' lang='lat' dir='ltr'>ciuitatis</span> <span class='ocrx_word' id='word_1_248' title='bbox 600 3411 725 3493; x_wconf 89' lang='lat' dir='ltr'>reliquo</span> <span class='ocrx_word' id='word_1_249' title='bbox 744 3432 879 3494; x_wconf 89' lang='lat' dir='ltr'>corpore</span> <span class='ocrx_word' id='word_1_250' title='bbox 897 3411 1074 3495; x_wconf 87' lang='lat' dir='ltr'>seiungunt</span> <span class='ocrx_word' id='word_1_251' title='bbox 1091 3432 1135 3493; x_wconf 90' lang='lat' dir='ltr'>se,</span> <span class='ocrx_word' id='word_1_252' title='bbox 1150 3422 1184 3477; x_wconf 92' lang='lat' dir='ltr'>et</span> <span class='ocrx_word' id='word_1_253' title='bbox 1201 3411 1301 3476; x_wconf 89' lang='lat' dir='ltr'>aliam</span> <span class='ocrx_word' id='word_1_254' title='bbox 1321 3412 1490 3476; x_wconf 88' lang='lat' dir='ltr'>ciuitatem</span> <span class='ocrx_word' id='word_1_255' title='bbox 1513 3412 1661 3476; x_wconf 90' lang='lat' dir='ltr'>excitant</span> <span class='ocrx_word' id='word_1_256' title='bbox 1683 3420 1798 3475; x_wconf 89' lang='lat' dir='ltr'>contra</span> 
     </span>
     <span class='ocr_line' id='line_1_25' title="bbox 403 3521 1798 3605; baseline 0.001 -21"><span class='ocrx_word' id='word_1_257' title='bbox 403 3521 577 3601; x_wconf 87' lang='lat' dir='ltr'>ciuitatem,</span> <span class='ocrx_word' id='word_1_258' title='bbox 591 3521 626 3586; x_wconf 93' lang='lat' dir='ltr'>hi</span> <span class='ocrx_word' id='word_1_259' title='bbox 640 3522 809 3605; x_wconf 92' lang='lat' dir='ltr'>publicum</span> <span class='ocrx_word' id='word_1_260' title='bbox 825 3524 959 3588; x_wconf 89' lang='lat' dir='ltr'>turbant</span> <span class='ocrx_word' id='word_1_261' title='bbox 975 3533 1107 3598; x_wconf 85' lang='lat' dir='ltr'>statum,</span> <span class='ocrx_word' id='word_1_262' title='bbox 1124 3533 1158 3588; x_wconf 91' lang='lat' dir='ltr'>et</span> <span class='ocrx_word' id='word_1_263' title='bbox 1174 3523 1279 3587; x_wconf 90' lang='lat' dir='ltr'>iniurii</span> <span class='ocrx_word' id='word_1_264' title='bbox 1300 3532 1377 3587; x_wconf 88' lang='lat' dir='ltr'>sunt</span> <span class='ocrx_word' id='word_1_265' title='bbox 1395 3522 1526 3603; x_wconf 88' lang='lat' dir='ltr'>reliquis</span> <span class='ocrx_word' id='word_1_266' title='bbox 1541 3522 1676 3586; x_wconf 93' lang='lat' dir='ltr'>ciuibus.</span> <span class='ocrx_word' id='word_1_267' title='bbox 1722 3522 1798 3586; x_wconf 88' lang='lat' dir='ltr'>Hos</span> 
     </span>
     <span class='ocr_line' id='line_1_26' title="bbox 402 3632 1798 3718; baseline 0.001 -23"><span class='ocrx_word' id='word_1_268' title='bbox 402 3633 586 3717; x_wconf 89' lang='lat' dir='ltr'>intelligunt</span> <span class='ocrx_word' id='word_1_269' title='bbox 601 3635 780 3717; x_wconf 85' lang='lat' dir='ltr'>supradicti</span> <span class='ocrx_word' id='word_1_270' title='bbox 798 3635 1025 3718; x_wconf 86' lang='lat' dir='ltr'>imperatores.</span> <span class='ocrx_word' id='word_1_271' title='bbox 1069 3634 1119 3698; x_wconf 89' lang='lat' dir='ltr'>At</span> <span class='ocrx_word' id='word_1_272' title='bbox 1138 3635 1193 3716; x_wconf 93' lang='lat' dir='ltr'>qui</span> <span class='ocrx_word' id='word_1_273' title='bbox 1212 3635 1246 3697; x_wconf 94' lang='lat' dir='ltr'>in</span> <span class='ocrx_word' id='word_1_274' title='bbox 1261 3634 1325 3698; x_wconf 87' lang='lat' dir='ltr'>alia</span> <span class='ocrx_word' id='word_1_275' title='bbox 1341 3633 1474 3698; x_wconf 90' lang='lat' dir='ltr'>ciuitate</span> <span class='ocrx_word' id='word_1_276' title='bbox 1489 3643 1574 3711; x_wconf 88' lang='lat' dir='ltr'>sunt,</span> <span class='ocrx_word' id='word_1_277' title='bbox 1589 3632 1623 3695; x_wconf 92' lang='lat' dir='ltr'>hi</span> <span class='ocrx_word' id='word_1_278' title='bbox 1639 3632 1666 3696; x_wconf 91' lang='lat' dir='ltr'>si</span> <span class='ocrx_word' id='word_1_279' title='bbox 1682 3632 1798 3697; x_wconf 90' lang='lat' dir='ltr'>uiuunt</span> 
     </span>
     <span class='ocr_line' id='line_1_27' title="bbox 403 3743 1799 3829; baseline 0 -21"><span class='ocrx_word' id='word_1_280' title='bbox 403 3744 495 3809; x_wconf 82' lang='lat' dir='ltr'>aliter</span> <span class='ocrx_word' id='word_1_281' title='bbox 515 3749 616 3829; x_wconf 83' lang='lat' dir='ltr'>atque</span> <span class='ocrx_word' id='word_1_282' title='bbox 637 3765 698 3809; x_wconf 90' lang='lat' dir='ltr'>nos</span> <span class='ocrx_word' id='word_1_283' title='bbox 720 3746 862 3810; x_wconf 90' lang='lat' dir='ltr'>uiuimus</span> <span class='ocrx_word' id='word_1_284' title='bbox 879 3747 913 3810; x_wconf 90' lang='lat' dir='ltr'>in</span> <span class='ocrx_word' id='word_1_285' title='bbox 931 3747 1064 3810; x_wconf 89' lang='lat' dir='ltr'>ciuitate</span> <span class='ocrx_word' id='word_1_286' title='bbox 1087 3755 1207 3824; x_wconf 88' lang='lat' dir='ltr'>nostra,</span> <span class='ocrx_word' id='word_1_287' title='bbox 1226 3765 1286 3808; x_wconf 91' lang='lat' dir='ltr'>nos</span> <span class='ocrx_word' id='word_1_288' title='bbox 1309 3745 1422 3826; x_wconf 91' lang='lat' dir='ltr'>utique</span> <span class='ocrx_word' id='word_1_289' title='bbox 1440 3764 1506 3807; x_wconf 92' lang='lat' dir='ltr'>non</span> <span class='ocrx_word' id='word_1_290' title='bbox 1524 3743 1707 3808; x_wconf 89' lang='lat' dir='ltr'>offendunt.</span> <span class='ocrx_word' id='word_1_291' title='bbox 1753 3744 1799 3808; x_wconf 88' lang='lat' dir='ltr'>Et</span> 
     </span>
     <span class='ocr_line' id='line_1_28' title="bbox 403 3854 1799 3938; baseline -0.001 -20"><span class='ocrx_word' id='word_1_292' title='bbox 403 3855 447 3920; x_wconf 92' lang='lat' dir='ltr'>ita</span> <span class='ocrx_word' id='word_1_293' title='bbox 469 3876 544 3920; x_wconf 87' lang='lat' dir='ltr'>cum</span> <span class='ocrx_word' id='word_1_294' title='bbox 566 3855 689 3920; x_wconf 90' lang='lat' dir='ltr'>bellum</span> <span class='ocrx_word' id='word_1_295' title='bbox 712 3857 799 3921; x_wconf 93' lang='lat' dir='ltr'>istud</span> <span class='ocrx_word' id='word_1_296' title='bbox 821 3857 875 3921; x_wconf 93' lang='lat' dir='ltr'>uel</span> <span class='ocrx_word' id='word_1_297' title='bbox 898 3857 1135 3921; x_wconf 88' lang='lat' dir='ltr'>uindicatiuum</span> <span class='ocrx_word' id='word_1_298' title='bbox 1157 3855 1262 3934; x_wconf 84' lang='lat' dir='ltr'>suerit,</span> <span class='ocrx_word' id='word_1_299' title='bbox 1284 3855 1338 3920; x_wconf 89' lang='lat' dir='ltr'>uel</span> <span class='ocrx_word' id='word_1_300' title='bbox 1360 3854 1556 3938; x_wconf 91' lang='lat' dir='ltr'>punitiuum,</span> <span class='ocrx_word' id='word_1_301' title='bbox 1579 3855 1700 3919; x_wconf 89' lang='lat' dir='ltr'>iustum</span> <span class='ocrx_word' id='word_1_302' title='bbox 1727 3874 1799 3918; x_wconf 89' lang='lat' dir='ltr'>esse</span> 
     </span>
     <span class='ocr_line' id='line_1_29' title="bbox 404 3964 1798 4051; baseline -0.003 -20"><span class='ocrx_word' id='word_1_303' title='bbox 404 3976 554 4031; x_wconf 88' lang='lat' dir='ltr'>neutrum</span> <span class='ocrx_word' id='word_1_304' title='bbox 578 3976 699 4051; x_wconf 89' lang='lat' dir='ltr'>potest.</span> <span class='ocrx_word' id='word_1_305' title='bbox 745 3989 852 4050; x_wconf 91' lang='lat' dir='ltr'>neque</span> <span class='ocrx_word' id='word_1_306' title='bbox 875 3969 962 4032; x_wconf 92' lang='lat' dir='ltr'>enim</span> <span class='ocrx_word' id='word_1_307' title='bbox 985 3967 1065 4032; x_wconf 84' lang='lat' dir='ltr'>laesi</span> <span class='ocrx_word' id='word_1_308' title='bbox 1088 3987 1211 4046; x_wconf 89' lang='lat' dir='ltr'>sumus,</span> <span class='ocrx_word' id='word_1_309' title='bbox 1234 3976 1270 4030; x_wconf 94' lang='lat' dir='ltr'>ut</span> <span class='ocrx_word' id='word_1_310' title='bbox 1292 3965 1488 4031; x_wconf 90' lang='lat' dir='ltr'>ulciscamur</span> <span class='ocrx_word' id='word_1_311' title='bbox 1510 3966 1603 4045; x_wconf 89' lang='lat' dir='ltr'>iuste,</span> <span class='ocrx_word' id='word_1_312' title='bbox 1626 3984 1734 4050; x_wconf 90' lang='lat' dir='ltr'>neque</span> <span class='ocrx_word' id='word_1_313' title='bbox 1751 3964 1798 4028; x_wconf 93' lang='lat' dir='ltr'>illi</span> 
     </span>
     <span class='ocr_line' id='line_1_30' title="bbox 405 4076 1798 4162; baseline -0.001 -22"><span class='ocrx_word' id='word_1_314' title='bbox 405 4079 504 4143; x_wconf 89' lang='lat' dir='ltr'>nostri</span> <span class='ocrx_word' id='word_1_315' title='bbox 526 4088 602 4143; x_wconf 87' lang='lat' dir='ltr'>sunt</span> <span class='ocrx_word' id='word_1_316' title='bbox 625 4077 757 4158; x_wconf 91' lang='lat' dir='ltr'>subditi,</span> <span class='ocrx_word' id='word_1_317' title='bbox 779 4090 816 4144; x_wconf 93' lang='lat' dir='ltr'>ut</span> <span class='ocrx_word' id='word_1_318' title='bbox 839 4080 945 4162; x_wconf 89' lang='lat' dir='ltr'>puniri</span> <span class='ocrx_word' id='word_1_319' title='bbox 968 4101 988 4144; x_wconf 89' lang='lat' dir='ltr'>a</span> <span class='ocrx_word' id='word_1_320' title='bbox 1011 4079 1106 4143; x_wconf 92' lang='lat' dir='ltr'>nobis</span> <span class='ocrx_word' id='word_1_321' title='bbox 1127 4080 1280 4143; x_wconf 91' lang='lat' dir='ltr'>debeant.</span> <span class='ocrx_word' id='word_1_322' title='bbox 1325 4077 1424 4160; x_wconf 87' lang='lat' dir='ltr'>Quod</span> <span class='ocrx_word' id='word_1_323' title='bbox 1442 4085 1476 4142; x_wconf 91' lang='lat' dir='ltr'>et</span> <span class='ocrx_word' id='word_1_324' title='bbox 1499 4076 1658 4142; x_wconf 86' lang='lat' dir='ltr'>Didacus.</span> <span class='ocrx_word' id='word_1_325' title='bbox 1704 4076 1798 4140; x_wconf 88' lang='lat' dir='ltr'>Paria</span> 
     </span>
     <span class='ocr_line' id='line_1_31' title="bbox 405 4186 1626 4274; baseline 0.001 -21"><span class='ocrx_word' id='word_1_326' title='bbox 405 4199 486 4269; x_wconf 86' lang='lat' dir='ltr'>sunt,</span> <span class='ocrx_word' id='word_1_327' title='bbox 500 4189 616 4273; x_wconf 91' lang='lat' dir='ltr'>punire</span> <span class='ocrx_word' id='word_1_328' title='bbox 630 4189 847 4270; x_wconf 90' lang='lat' dir='ltr'>innocentem,</span> <span class='ocrx_word' id='word_1_329' title='bbox 863 4200 896 4255; x_wconf 91' lang='lat' dir='ltr'>et</span> <span class='ocrx_word' id='word_1_330' title='bbox 912 4200 1094 4270; x_wconf 88' lang='lat' dir='ltr'>nocentem,</span> <span class='ocrx_word' id='word_1_331' title='bbox 1108 4201 1209 4274; x_wconf 87' lang='lat' dir='ltr'>quem</span> <span class='ocrx_word' id='word_1_332' title='bbox 1226 4199 1262 4254; x_wconf 93' lang='lat' dir='ltr'>tu</span> <span class='ocrx_word' id='word_1_333' title='bbox 1280 4189 1397 4273; x_wconf 92' lang='lat' dir='ltr'>punire</span> <span class='ocrx_word' id='word_1_334' title='bbox 1412 4208 1477 4252; x_wconf 93' lang='lat' dir='ltr'>non</span> <span class='ocrx_word' id='word_1_335' title='bbox 1493 4187 1594 4252; x_wconf 89' lang='lat' dir='ltr'>debes</span> <span class='ocrx_word' id='word_1_336' title='bbox 1603 4186 1626 4254; x_wconf 82' lang='lat'>⁸.</span> 
     </span>
    </p>
   </div>
   <div class='ocr_carea' id='block_1_3' title="bbox 436 4385 1763 4620">
    <p class='ocr_par' dir='ltr' id='par_1_5' title="bbox 436 4385 1763 4620">
     <span class='ocr_line' id='line_1_32' title="bbox 436 4385 1763 4456; baseline -0.002 -17"><span class='ocrx_word' id='word_1_337' title='bbox 436 4387 445 4417; x_wconf 91' lang='lat'>¹</span> <span class='ocrx_word' id='word_1_338' title='bbox 459 4389 476 4440; x_wconf 88' lang='lat'>1.</span> <span class='ocrx_word' id='word_1_339' title='bbox 487 4407 511 4456; x_wconf 88' lang='lat'>4.</span> <span class='ocrx_word' id='word_1_340' title='bbox 523 4392 553 4442; x_wconf 91' lang='lat' dir='ltr'>C.</span> <span class='ocrx_word' id='word_1_341' title='bbox 565 4389 700 4442; x_wconf 69' lang='lat' dir='ltr'>debueret.</span> <span class='ocrx_word' id='word_1_342' title='bbox 712 4393 747 4454; x_wconf 87' lang='lat'>(1.</span> <span class='ocrx_word' id='word_1_343' title='bbox 759 4392 795 4455; x_wconf 85' lang='lat'>5).</span> <span class='ocrx_word' id='word_1_344' title='bbox 891 4391 901 4419; x_wconf 87' lang='lat'><strong>¹</strong></span> <span class='ocrx_word' id='word_1_345' title='bbox 917 4391 971 4442; x_wconf 88' lang='lat' dir='ltr'>cic.</span> <span class='ocrx_word' id='word_1_346' title='bbox 986 4405 1008 4442; x_wconf 89' lang='lat'>1.</span> <span class='ocrx_word' id='word_1_347' title='bbox 1019 4390 1051 4441; x_wconf 90' lang='lat' dir='ltr'>de</span> <span class='ocrx_word' id='word_1_348' title='bbox 1061 4390 1122 4442; x_wconf 83' lang='lat' dir='ltr'>Nat.</span> <span class='ocrx_word' id='word_1_349' title='bbox 1133 4390 1211 4442; x_wconf 89' lang='lat' dir='ltr'>Deor.</span> <span class='ocrx_word' id='word_1_350' title='bbox 1224 4404 1246 4441; x_wconf 77' lang='lat' dir='ltr'>a.</span> <span class='ocrx_word' id='word_1_351' title='bbox 1336 4389 1346 4419; x_wconf 80' lang='lat'>¹</span> <span class='ocrx_word' id='word_1_352' title='bbox 1362 4388 1451 4439; x_wconf 78' lang='lat' dir='ltr'>Chass.</span> <span class='ocrx_word' id='word_1_353' title='bbox 1463 4394 1511 4438; x_wconf 79' lang='lat' dir='ltr'>cat.</span> <span class='ocrx_word' id='word_1_354' title='bbox 1522 4404 1548 4453; x_wconf 87' lang='lat' dir='ltr'>p.</span> <span class='ocrx_word' id='word_1_355' title='bbox 1560 4387 1604 4437; x_wconf 88' lang='lat' dir='ltr'>ult.</span> <span class='ocrx_word' id='word_1_356' title='bbox 1617 4386 1710 4438; x_wconf 86' lang='lat' dir='ltr'>consid.</span> <span class='ocrx_word' id='word_1_357' title='bbox 1724 4385 1763 4450; x_wconf 82' lang='lat'>78.</span> 
     </span>
     <span class='ocr_line' id='line_1_33' title="bbox 529 4467 1665 4534; baseline -0.006 -10"><span class='ocrx_word' id='word_1_358' title='bbox 529 4473 539 4504; x_wconf 79' lang='lat'>¹</span> <span class='ocrx_word' id='word_1_359' title='bbox 555 4473 610 4525; x_wconf 85' lang='lat' dir='ltr'>Cic.</span> <span class='ocrx_word' id='word_1_360' title='bbox 622 4473 687 4524; x_wconf 75' lang='lat' dir='ltr'>Cato</span> <span class='ocrx_word' id='word_1_361' title='bbox 702 4487 724 4523; x_wconf 79' lang='lat' dir='ltr'>a.</span> <span class='ocrx_word' id='word_1_362' title='bbox 739 4487 760 4523; x_wconf 81' lang='lat' dir='ltr'>n.</span> <span class='ocrx_word' id='word_1_363' title='bbox 909 4472 919 4503; x_wconf 81' lang='lat'>⁸</span> <span class='ocrx_word' id='word_1_364' title='bbox 936 4474 990 4526; x_wconf 88' lang='lat' dir='ltr'>Cic.</span> <span class='ocrx_word' id='word_1_365' title='bbox 1005 4487 1025 4523; x_wconf 89' lang='lat'>1.</span> <span class='ocrx_word' id='word_1_366' title='bbox 1036 4472 1067 4524; x_wconf 91' lang='lat' dir='ltr'>de</span> <span class='ocrx_word' id='word_1_367' title='bbox 1079 4472 1138 4523; x_wconf 82' lang='lat' dir='ltr'>Nat.</span> <span class='ocrx_word' id='word_1_368' title='bbox 1151 4473 1227 4524; x_wconf 88' lang='lat' dir='ltr'>Deor.</span> <span class='ocrx_word' id='word_1_369' title='bbox 1241 4470 1280 4521; x_wconf 86' lang='lat'>16.</span> <span class='ocrx_word' id='word_1_370' title='bbox 1419 4472 1429 4499; x_wconf 80' lang='lat'>⁸</span> <span class='ocrx_word' id='word_1_371' title='bbox 1446 4469 1540 4534; x_wconf 80' lang='lat' dir='ltr'>Agath.</span> <span class='ocrx_word' id='word_1_372' title='bbox 1554 4483 1575 4520; x_wconf 84' lang='lat' dir='ltr'>r.</span> <span class='ocrx_word' id='word_1_373' title='bbox 1588 4467 1665 4518; x_wconf 89' lang='lat' dir='ltr'>Goth.</span> 
     </span>
     <span class='ocr_line' id='line_1_34' title="bbox 694 4551 1502 4620; baseline -0.01 -13"><span class='ocrx_word' id='word_1_374' title='bbox 694 4555 704 4586; x_wconf 80' lang='lat'>²</span> <span class='ocrx_word' id='word_1_375' title='bbox 721 4555 791 4607; x_wconf 81' lang='lat' dir='ltr'>Beld.</span> <span class='ocrx_word' id='word_1_376' title='bbox 807 4572 826 4606; x_wconf 87' lang='lat' dir='ltr'>r.</span> <span class='ocrx_word' id='word_1_377' title='bbox 841 4573 909 4608; x_wconf 86' lang='lat' dir='ltr'>cons.</span> <span class='ocrx_word' id='word_1_378' title='bbox 923 4557 978 4620; x_wconf 78' lang='lat'>3¹6.</span> <span class='ocrx_word' id='word_1_379' title='bbox 1217 4556 1227 4586; x_wconf 79' lang='lat'>⁸</span> <span class='ocrx_word' id='word_1_380' title='bbox 1244 4553 1317 4604; x_wconf 81' lang='lat' dir='ltr'>Alex.</span> <span class='ocrx_word' id='word_1_381' title='bbox 1329 4551 1353 4604; x_wconf 88' lang='lat'>6.</span> <span class='ocrx_word' id='word_1_382' title='bbox 1365 4568 1433 4604; x_wconf 85' lang='lat' dir='ltr'>cons.</span> <span class='ocrx_word' id='word_1_383' title='bbox 1447 4565 1502 4616; x_wconf 81' lang='lat'><strong>²²5·</strong></span> 
     </span>
    </p>
   </div>
   <div class='ocr_carea' id='block_1_4' title="bbox 0 0 2235 5566">
    <p class='ocr_par' dir='ltr' id='par_1_6' title="bbox 0 0 2235 5566">
     <span class='ocr_line' id='line_1_35' title="bbox 0 0 2235 5566; baseline 0 0"><span class='ocrx_word' id='word_1_384' title='bbox 0 0 2235 5566; x_wconf 95' lang='lat' dir='ltr'> </span> 
     </span>
    </p>
   </div>
  </div>
 </body>
</html>
