4456 5566
493 557 957 571 *mv—u*

501 649 541 717 26
985 658 1188 713 ALBERICI
1216 658 1417 713 GENTILIS

500 910 613 966 autem
633 902 677 966 de
699 901 813 966 officiis
834 903 878 967 ad
901 923 970 966 rem
994 902 1170 968 militarem
1193 902 1433 987 pertinentibus
1455 901 1651 984 disputetur,
1670 901 1704 965 id
1728 921 1835 983 neque
1857 902 1900 964 ad

500 1012 669 1090 iustitiam,
691 1033 799 1095 neque
820 1014 864 1076 ad
882 1033 995 1077 ueram
1018 1015 1174 1078 uirtutem
1196 1013 1454 1093 adcommodari‚
1477 1014 1535 1078 sed
1557 1013 1601 1076 ad
1622 1011 1726 1076 uitam
1749 1011 1844 1086 hanc,
1868 1021 1904 1076 et

500 1125 544 1188 ad
574 1122 704 1188 ciuilem
734 1143 871 1188 morem.
911 1143 986 1187 cum
1016 1124 1049 1187 id
1079 1143 1183 1206 genus
1213 1124 1297 1188 aliis.
1366 1124 1479 1188 Etiam
1510 1123 1622 1206 magni
1653 1121 1765 1187 Basilii
1794 1142 1900 1186 canon

500 1233 698 1318 perhibetur,
713 1255 780 1317 quo
801 1243 954 1299 arcentur
975 1235 1074 1300 sacris
1097 1255 1156 1317 per
1177 1235 1363 1315 triennium,
1379 1235 1434 1317 qui
1457 1235 1589 1299 hostem
1612 1235 1645 1296 in
1663 1233 1752 1298 bello
1770 1233 1902 1298 interse-

500 1345 620 1410 cissent
629 1342 650 1408 ¹.
698 1344 751 1409 De
774 1343 934 1427 Gregorio
957 1355 991 1410 et
1013 1346 1155 1410 relatum
1178 1355 1228 1410 est
1253 1347 1286 1410 in
1310 1346 1498 1420 Decretum,
1521 1345 1612 1409 ‘Nisi
1637 1345 1725 1408 bella
1746 1345 1810 1408 ista
1832 1365 1901 1409 car-

500 1459 508 1489 ‘
524 1454 611 1520 nalia
626 1454 764 1538 figuram
780 1455 941 1520 bellorum
957 1456 1176 1539 spiritualium
1191 1465 1351 1540 gererent,
1364 1475 1539 1539 nunquam,
1555 1455 1680 1538 opinor,
1692 1455 1900 1521 Iudaicarum

500 1565 731 1630 ‘historiarum
761 1566 834 1630 libri
865 1566 1033 1650 discipulis
1059 1566 1190 1640 Christi,
1215 1566 1271 1648 qui
1296 1565 1386 1631 uenit
1416 1585 1531 1648 pacem
1559 1567 1685 1644 docere,
1709 1565 1841 1648 legendi
1867 1567 1900 1630 iu

501 1677 681 1742 ‘Ecclesiis
710 1677 849 1742 fuissent
878 1678 921 1742 ab
950 1677 1124 1759 Apostolis
1157 1675 1288 1756 traditi,’
1318 1675 1394 1741 etc.²
1452 1676 1568 1759 Atque
1606 1677 1783 1740 Erasmum
1821 1678 1899 1761 quid

499 1788 631 1853 dicam?
664 1789 721 1871 qui
743 1809 802 1873 per
831 1787 1058 1870 longissimam
1084 1788 1323 1872 digressionem
1349 1789 1383 1852 in
1408 1789 1475 1852 suis
1500 1787 1684 1852 Prouerbiis
1706 1788 1900 1852 iniustitiam

499 1898 578 1963 belli
600 1897 752 1981 exagitat
761 1897 783 1964 ⁸.

542 2008 614 2072 Alii
635 2009 782 2074 fortassis
801 2029 867 2074 non
885 2029 985 2075 omne
1004 2010 1129 2075 bellum
1150 2012 1380 2090 condemnent,
1396 2011 1455 2076 sed
1474 2010 1564 2094 quod
1583 2031 1649 2075 non
1668 2030 1727 2093 pro
1750 2010 1825 2089 fide,
1842 2018 1901 2074 aut

502 2140 568 2185 uon
591 2140 653 2203 pro
677 2119 784 2185 salute
807 2121 991 2204 suscipitur.
1047 2119 1104 2186 Sic
1134 2123 1222 2185 enim
1258 2122 1381 2198 Cicero,
1404 2122 1561 2186 ‘Nullum
1583 2121 1707 2186 bellum
1733 2120 1854 2204 suscipi
1879 2141 1900 2183 a

501 2235 509 2263 ‘
524 2229 658 2296 ciuitate
673 2230 808 2314 optima,
824 2232 886 2295 nisi
903 2252 962 2315 pro
977 2230 1050 2310 fide,
1066 2242 1124 2296 aut
1139 2253 1199 2316 pro
1215 2233 1321 2297 salute
1330 2229 1364 2294 ⁴.’
1402 2233 1490 2297 Item
1506 2233 1595 2316 quod
1610 2231 1784 2313 suscipitur
1797 2251 1819 2294 a
1834 2249 1899 2294 non

499 2341 660 2407 lacessito.
707 2343 756 2408 Ut
778 2344 824 2408 sic
845 2342 1045 2408 Ambrosius
1066 2344 1176 2419 tradit,
1193 2343 1283 2426 quod
1306 2343 1417 2408 Dauid
1439 2363 1616 2427 nunquam,
1639 2343 1700 2407 nisi
1723 2343 1900 2422 lacessitus,

499 2452 626 2518 bellum
644 2453 754 2519 intulit
763 2454 785 2518 ⁶.
831 2455 877 2518 Et
899 2453 1024 2518 Baldus
1046 2465 1157 2518 noster
1175 2454 1295 2533 scribit,
1312 2464 1425 2520 contra
1448 2455 1499 2518 ius
1521 2464 1657 2519 naturae
1675 2475 1746 2520 esse
1767 2454 1900 2532 bellum,

501 2564 563 2628 nisi
579 2565 756 2629 necessitas
770 2564 970 2630 defensionis
985 2564 1129 2629 incurrat
1138 2564 1159 2629 ⁰.
1204 2563 1376 2629 ‘Militaris
1392 2586 1451 2644 res,
1462 2565 1592 2630 belluae
1607 2575 1667 2641 est,
1679 2586 1782 2648 quum
1803 2565 1900 2629 infers

501 2674 669 2740 ‘bellumr
699 2696 801 2759 quum
823 2676 925 2740 tueris
947 2675 1028 2740 fines
1045 2685 1129 2750 tuos,
1145 2674 1319 2740 hominis?
1351 2674 1528 2758 Scaliger⁷.
1575 2677 1620 2740 Et
1635 2676 1699 2739 alia
1715 2676 1821 2742 afferri
1837 2676 1901 2740 huc

501 2785 622 2853 ualent.

545 2897 722 2963 Caeterum
744 2897 856 2981 opinio
877 2897 959 2964 haec
985 2899 1127 2963 refutata
1156 2909 1205 2964 est
1237 2908 1312 2982 post
1335 2898 1563 2982 Augustinum
1585 2919 1605 2962 a
1628 2897 1808 2982 Theologis
1830 2919 1901 2964 orn·

501 3007 626 3072 uibus⁸.
673 3010 721 3074 Et
736 3019 850 3074 contra
868 3030 943 3074 eam
964 3019 1041 3074 sunt
1064 3010 1287 3074 Iurisconsulti
1309 3011 1411 3075 nostri
1434 3031 1556 3087 omnes,
1573 3019 1607 3074 et
1622 3029 1737 3074 omnes
1752 3011 1900 3074 omnium

500 3129 688 3204 temporum
707 3120 909 3204 Philosophi.
947 3120 1036 3186 Sane
1052 3121 1140 3185 enim
1155 3121 1181 3185 si
1199 3121 1405 3204 magistratui
1420 3124 1519 3186 datus
1534 3121 1663 3204 gladius
1679 3130 1737 3202 est,
1749 3142 1816 3206 quo
1832 3143 1901 3186 ma-

500 3231 570 3295 lurn
585 3253 605 3296 a
619 3233 686 3296 suis
706 3232 890 3316 prohibeat,
906 3253 963 3297 cur
984 3253 1050 3297 non
1073 3231 1247 3315 prohibeat
1268 3234 1473 3298 extrinsecus
1490 3234 1680 3308 adueniens,
1697 3243 1797 3315 atque
1812 3233 1900 3316 quod

499 3353 551 3408 est
573 3343 788 3410 intrinsecus?
814 3373 820 3384 ·
840 3344 954 3409 Etiam
977 3343 1101 3409 bellum
1124 3343 1322 3410 defensionis
1344 3344 1502 3426 illicitum,
1526 3345 1615 3429 quod
1639 3354 1689 3409 est
1715 3365 1735 3409 a
1762 3341 1900 3409 natura?

501 3454 569 3520 Sed
592 3457 756 3522 rationum
779 3456 910 3521 abunde
932 3475 992 3538 pro
1013 3455 1076 3520 hac
1099 3464 1193 3538 parte
1207 3457 1296 3538 apud
1313 3477 1378 3535 eos,
1393 3456 1449 3540 qui
1465 3454 1684 3539 patrocinium
1699 3453 1769 3520 eius
1791 3475 1898 3520 susce-

499 3578 637 3650 perunt:
659 3570 759 3634 etiam
775 3577 808 3634 et
824 3569 857 3632 in
872 3567 1085 3650 sequentibus
1101 3567 1219 3630 nostris
1235 3565 1520 3649 disputationibus.
1563 3565 1774 3631 Aduersariis
1788 3575 1899 3630 autem

499 3680 748 3760 respondemus.
806 3680 851 3744 Et
878 3679 1021 3763 primurn
1046 3677 1201 3755 Senecae,
1226 3678 1326 3742 Festo
1354 3677 1458 3752 Pauli,
1480 3697 1541 3742 nec
1564 3697 1638 3742 eam
1661 3676 1899 3761 etymologiam

498 3787 578 3851 belli
602 3811 715 3854 ueram
741 3811 834 3868 esse;
872 3799 908 3854 ut
934 3810 994 3854 nec
1024 3790 1124 3854 aliam
1151 3788 1449 3854 Grammaticorum
1479 3809 1539 3872 per
1567 3789 1775 3867 contrarium,
1799 3788 1899 3853 ueluti

501 3901 510 3932 ‘
526 3899 661 3964 minime
674 3897 772 3964 belli’
817 3899 863 3964 Et
879 3920 918 3964 ea
933 3899 1009 3964 licet
1022 3920 1100 3964 uera
1116 3909 1210 3976 esset,
1226 3919 1292 3963 non
1306 3909 1420 3964 tamen
1435 3900 1589 3982 probaret
1606 3900 1649 3964 de
1672 3899 1831 3965 iniustitia
1846 3899 1900 3977 rei,

502 4009 564 4073 nisi
591 4010 727 4075 Latinis.
773 4030 851 4075 narn
882 4008 1015 4074 Graecis
1044 4008 1170 4073 bellurn
1198 4029 1220 4073 a
1246 4017 1257 4048 ‘
1267 4009 1494 4090 multitudine,’
1521 4011 1594 4076 aliis
1619 4009 1738 4093 linguis
1763 4011 1808 4076 ab
1829 4011 1901 4077 aliis

501 4120 681 4186 rationibus
707 4129 758 4185 est
784 4121 920 4186 dictum.
952 4139 990 4184 ac
1017 4119 1176 4198 Ciceroni,
1198 4119 1322 4186 bellum
1354 4123 1488 4207 quidem
1519 4143 1590 4188 esse
1617 4131 1732 4187 contra
1753 4122 1899 4205 aliquam

612 4393 917 4457 ¹Cedreu.Par.2.323.
1014 4394 1115 4445 'Dece
1131 4409 1151 4443 2.
1164 4409 1238 4444 causa
1251 4409 1326 4460 ης.
1341 4409 1362 4443 r.
1461 4395 1796 4464 ’Eras.Cbil.4.oe.1pr.

534 4477 770 4544 *Aug.deCiu.c.
784 4490 822 4528 21.
898 4475 1226 4540 ⁸Amb.1.de0ll.c.35.
1303 4477 1385 4528 ‘Bal
1399 4491 1419 4528 1.
1433 4482 1571 4542 cons.483.
1636 4478 1729 4531 'Scal
1742 4495 1765 4542 3.
1778 4481 1837 4531 Poe.
1852 4496 1873 4531 1.

589 4562 600 4592 ¹
616 4561 690 4612 Decr.
704 4574 716 4609 a
729 4575 804 4610 causa
818 4573 861 4624 ης
877 4562 943 4625 Aqu.
957 4545 1015 4608 aa.
1026 4577 1050 4627 q.
1062 4573 1109 4623 40;
1121 4559 1231 4611 Castald.
1244 4558 1276 4610 de
1287 4561 1352 4625 Imp.
1363 4576 1387 4626 q.
1402 4561 1464 4620 108;
1483 4562 1538 4611 Ber.
1550 4561 1583 4610 ad
1596 4561 1652 4614 Mil.
1664 4562 1735 4613 Tem.
1747 4579 1769 4613 c.
1783 4577 1805 4626 3.
