4456 5566
474 727 514 786 24
962 709 1163 768 ALBERICI
1191 711 1390 767 GENTILIS

472 979 508 1021 se
538 957 667 1034 femnt3
705 967 738 1020 et
769 956 991 1038 imperatores,
1022 963 1055 1018 et
1087 953 1232 1036 legiones
1262 951 1417 1017 aduersas
1448 952 1628 1034 excipiunt.
1676 949 1736 1014 Ille
1766 949 1871 1014 hostis

473 1079 531 1147 est,
555 1069 610 1151 qui
635 1065 736 1131 habet
763 1065 1009 1149 rempublicam,
1033 1065 1165 1143 curiam,
1188 1065 1356 1144 aerarium,
1379 1083 1574 1128 consensum
1602 1071 1635 1126 et
1662 1062 1870 1155 concordiam

473 1179 603 1256 ciuium,
622 1183 655 1242 et
676 1177 835 1241 rationem
855 1174 1008 1259 aliquam,
1025 1176 1051 1239 si
1072 1197 1122 1240 res
1140 1177 1187 1239 ita
1205 1174 1325 1254 tulerit,
1342 1175 1440 1257 pacis,
1458 1185 1490 1238 et
1514 1173 1661 1244 foederis.
1702 1181 1738 1236 ut
1757 1181 1871 1236 contra

473 1288 641 1352 Antonios
667 1287 756 1364 haec,
783 1287 886 1351 ueluti
912 1298 1027 1351 contra
1054 1285 1206 1366 latrones,
1231 1284 1346 1349 Cicero
1373 1285 1556 1349 disserebat
1581 1285 1750 1348 uerissime
1760 1283 1780 1348 ¹.
1821 1271 1871 1346 'Et

474 1398 612 1464 Carolus
640 1397 812 1462 Martellus
838 1398 881 1462 de
908 1397 1089 1475 Saracenis,
1118 1418 1175 1461 eos
1201 1415 1268 1460 non
1296 1397 1416 1460 idcirco
1442 1398 1549 1459 minus
1576 1417 1646 1459 esse
1678 1396 1872 1478 praedones,
1952 1391 1953 1394 ’

473 1509 562 1592 quod
586 1509 711 1590 ingenti
735 1528 871 1572 numero
889 1518 1095 1591 uagarentur,
1119 1509 1294 1590 ducesque,
1318 1516 1352 1571 et
1377 1516 1492 1586 castra,
1517 1516 1550 1570 et
1577 1508 1669 1588 signa
1692 1497 1852 1570 haberent
1865 1529 1872 1586 ;

474 1639 550 1683 cum
569 1640 633 1682 non
654 1619 813 1682 haberent
831 1617 909 1682 belli
929 1637 1079 1682 caussam
1089 1617 1111 1683 ².
1156 1618 1268 1683 ‘Facit
1284 1619 1406 1700 ubique
1425 1619 1535 1680 omnia
1557 1637 1672 1681 caussa
1682 1617 1713 1680 ³?
1757 1617 1873 1700 Atque

474 1732 517 1794 de
541 1730 605 1795 illis
631 1732 725 1812 uagis
752 1730 925 1795 Saracenis
949 1732 995 1794 sic
1019 1751 1151 1814 quoque
1177 1732 1330 1795 doctores
1355 1726 1489 1793 nostri⁴.
1539 1729 1621 1792 Belli
1649 1749 1783 1808 morem,
1807 1751 1872 1793 non

475 1841 729 1918 latrociniorum,
747 1841 838 1923 sequi
862 1841 987 1923 piratae
1010 1851 1167 1923 possunt:
1196 1851 1232 1904 ut
1256 1840 1445 1904 Paterculus
1468 1841 1511 1903 de
1534 1839 1597 1902 illis
1620 1840 1741 1918 scribit,
1760 1850 1873 1904 contra

475 1973 559 2035 quos
578 1951 744 2034 profectus
765 1951 959 2034 Pompeius:
982 1955 1039 2016 sed
1059 1951 1183 2015 bellum
1202 1961 1313 2015 tamen
1338 1971 1404 2014 non
1419 1945 1547 2033 gerunt.
1594 1941 1670 2014 Non
1687 1950 1733 2013 illi
1748 1952 1873 2034 piratae

475 2063 600 2127 bellum
623 2083 754 2146 gessere
776 2063 852 2126 iusti
875 2062 1008 2128 hostes:
1043 2061 1105 2127 etsi
1128 2065 1302 2127 aduersum
1326 2081 1382 2126 eos
1406 2063 1582 2144 Pompeius
1606 2083 1681 2126 cum
1708 2073 1874 2145 potestate

476 2173 738 2252 insolentissima,
754 2183 787 2238 et
810 2195 884 2238 cum
900 2182 1059 2256 apparatu
1083 2174 1258 2257 plusquam
1282 2173 1407 2238 solenni
1431 2175 1549 2238 missus
1571 2182 1631 2236 est.
1677 2173 1770 2237 Fecit
1786 2175 1872 2236 enim

476 2287 546 2349 ista
562 2285 696 2368 periculi
721 2286 920 2368 magnitudo,
979 2286 1024 2350 Et
1052 2286 1246 2368 magnitudo
1273 2286 1388 2348 eadem
1416 2284 1537 2362 fecerit,
1564 2304 1629 2347 non
1659 2283 1872 2348 Mithridatici

477 2398 577 2461 modo
595 2397 681 2472 belli,
697 2398 754 2460 sed
772 2407 805 2460 et
828 2396 924 2460 huius
938 2397 1075 2479 piratici,
1091 2398 1170 2460 item
1194 2406 1228 2460 et
1252 2394 1429 2460 Sertoriani
1453 2394 1627 2477 triumphis
1650 2396 1754 2458 tribus
1770 2392 1872 2479 (quod

476 2508 597 2573 alicubi
625 2507 764 2590 legimus
774 2507 800 2594 5)
824 2507 1017 2590 Pompeium
1048 2507 1239 2590 fulgentem.
1284 2506 1373 2569 Nam
1400 2504 1542 2589 populus
1571 2505 1741 2570 Romanus
1768 2525 1875 2588 neque

477 2620 636 2704 Spartaci,
658 2640 764 2702 neque
788 2619 888 2698 Crixi,
909 2619 967 2683 sed
993 2640 1100 2702 neque
1123 2619 1379 2702 proscriptorum
1402 2617 1523 2681 ciuium
1548 2615 1693 2694 Sertorii,
1716 2627 1774 2681 aut
1798 2617 1875 2680 Per-

477 2752 605 2815 pennae
628 2731 735 2795 ciuilia
756 2731 844 2794 bella
863 2751 1007 2814 unquam
1030 2731 1161 2795 uocauit
1171 2731 1191 2794 ⁶.
1247 2729 1292 2792 Et
1314 2728 1502 2793 ouationem
1527 2728 1705 2807 deferebat,
1730 2749 1794 2792 non
1818 2723 1874 2792 tri-

477 2842 637 2925 umphum
661 2842 720 2922 his,
735 2843 791 2925 qui
814 2863 880 2906 non
903 2862 978 2916 cum
1002 2843 1094 2904 iustis
1116 2841 1274 2919 hostibus,
1293 2841 1351 2903 sed
1375 2859 1449 2903 cum
1473 2841 1594 2923 piratis,
1611 2850 1644 2905 et
1668 2861 1741 2905 cum
1765 2841 1874 2917 semis,

477 2953 680 3017 similibusue
707 2973 774 3016 rem
801 2954 1022 3036 peregissent:
1052 2972 1190 3036 quorum
1214 2951 1441 3016 authostium
1468 2950 1593 3014 humile
1620 2972 1740 3016 nomen
1766 2953 1873 3015 uisum

478 3066 579 3129 erat⁷.
625 3064 758 3129 Scilicet
773 3063 877 3127 hostis
897 3085 1016 3127 nomen
1036 3074 1129 3128 notat
1148 3064 1394 3147 aequalitatem.
1440 3062 1538 3146 Quod
1556 3064 1626 3141 etsi,
1642 3065 1721 3127 item
1738 3073 1771 3128 et
1787 3063 1873 3142 belli,

477 3178 737 3241 communicetur
758 3176 937 3258 aliquando
959 3186 992 3239 et
1016 3195 1091 3240 cum
1116 3195 1181 3238 non
1204 3172 1405 3256 aequalibus,
1429 3193 1503 3238 cum
1530 3174 1653 3256 piratis,
1675 3174 1874 3258 proscriptis,

477 3288 718 3353 delectoribus:
749 3295 786 3352 ut
807 3285 972 3369 generalia
994 3296 1070 3351 sunt
1093 3277 1235 3363 nomina,
1254 3296 1287 3350 et
1310 3286 1507 3368 pertinentia
1529 3287 1572 3350 ad
1596 3287 1706 3368 plures
1728 3288 1873 3369 species:

477 3420 543 3464 non
559 3407 671 3464 tamen
686 3399 736 3462 ius
751 3398 849 3461 tribui
870 3399 1026 3474 hostium,
1042 3398 1097 3480 qui
1113 3397 1244 3480 proprie
1260 3397 1420 3473 dicuntur,
1437 3398 1516 3459 item
1532 3397 1582 3460 ius
1597 3397 1758 3462 bellorum
1774 3399 1875 3461 iusto·

477 3532 548 3575 rum
570 3509 659 3575 ualet
668 3508 690 3576 ⁸.
735 3511 824 3573 Nam
844 3510 923 3591 quid
943 3510 1126 3592 respondeo
1145 3511 1187 3573 de
1201 3509 1364 3584 omnibuS,
1381 3509 1437 3591 qui
1454 3527 1573 3571 nomen
1595 3509 1657 3572 sibi
1678 3507 1875 3574 demutant?

478 3623 588 3688 Nemo
611 3622 672 3685 sibi
695 3641 828 3686 causam
852 3622 1067 3704 possessionis
1091 3599 1197 3684 mutat
1207 3621 1228 3684 ⁰.
1274 3621 1384 3683 Nemo
1407 3619 1452 3684 sic
1476 3629 1582 3683 mutat
1605 3641 1735 3699 nomen,
1752 3631 1785 3684 et
1801 3639 1874 3684 cum

478 3735 610 3798 nomine
632 3754 702 3797 rom
711 3731 744 3797 ¹⁰.
791 3732 859 3796 Sed
882 3734 962 3815 quid
983 3734 1142 3796 sentimus
1165 3752 1224 3795 nos
1249 3732 1291 3794 de
1313 3731 1364 3794 his
1384 3730 1498 3807 Gallis,
1520 3733 1575 3813 qui
1596 3732 1683 3814 capti
1707 3742 1875 3815 postremo

477 3844 566 3908 bello
582 3844 773 3907 Lusitanico
788 3845 831 3907 ab
849 3845 1017 3926 Hispanis
1029 3854 1062 3908 et
1077 3844 1207 3908 tractati
1225 3853 1301 3906 sunt
1318 3863 1383 3906 non
1399 3843 1491 3925 quasi
1508 3843 1583 3906 iusti
1599 3841 1733 3906 hostes?
1775 3843 1875 3907 Trac-

478 3957 539 4019 tati
563 3964 639 4018 sunt
661 3954 753 4036 quasi
776 3955 921 4036 piratae:
945 3957 1000 4038 qui
1024 3955 1174 4020 Antonio
1198 3955 1384 4033 militarent,
1408 3954 1503 4036 pulso
1526 3955 1592 4018 iam
1615 3956 1657 4018 de
1681 3975 1781 4038 regno
1805 3955 1875 4018 uni·

478 4087 582 4144 uerso,
598 4075 631 4129 et
652 4065 684 4128 in
703 4085 814 4148 regem
832 4066 946 4147 agnito
964 4067 1006 4130 ab
1025 4067 1183 4149 Hispanis
1207 4085 1396 4149 numquam.
1441 4065 1491 4129 At
1515 4066 1585 4148 ipsa
1607 4066 1742 4130 historia
1764 4066 1874 4143 uincit,

479 4190 536 4232 eos
559 4189 624 4232 non
647 4168 746 4232 luisse
768 4170 891 4252 piratas
901 4168 941 4230 11:
970 4190 1036 4234 non
1059 4172 1133 4235 dico
1152 4190 1212 4252 per
1222 4178 1454 4251 argumentum
1478 4170 1613 4234 ductum
1637 4191 1656 4233 a
1680 4190 1825 4247 numero,
1842 4177 1875 4232 et

577 4338 585 4366 ¹
603 4337 684 4401 4Cic.
697 4337 750 4387 Phi.
762 4354 784 4389 c.
796 4337 819 4389 6.
962 4338 972 4369 ¹
987 4340 1016 4390 P.
1028 4339 1126 4403 Aemyl.
1143 4353 1163 4388 2.
1177 4338 1264 4388 Franc.
1279 4345 1316 4404 (p.
1327 4339 1382 4402 40).
1524 4339 1534 4368 ¹
1550 4339 1629 4404 Ceph.
1641 4355 1709 4390 cons.
1720 4337 1778 4389 620.

645 4418 653 4447 ‘
671 4419 727 4469 Alc.
738 4420 769 4470 de
780 4420 831 4470 Sin.
844 4422 899 4472 Cer.
913 4437 958 4486 44;
976 4423 1067 4473 Corar.
1079 4437 1129 4486 reg.
1142 4427 1270 4486 peceatum
1285 4426 1297 4480 5
1313 4435 1351 4470 rr.
1448 4420 1459 4449 ⁸
1475 4420 1561 4486 Vopis.
1573 4423 1645 4487 prob.
1657 4438 1677 4472 c
1691 4435 1713 4473 a.

684 4506 686 4510 '
702 4503 712 4531 ⁶
729 4501 802 4553 Oros.
815 4519 838 4567 5.
850 4519 872 4555 c.
886 4519 923 4553 22.
1023 4504 1032 4532 r
1046 4503 1114 4554 Gell.
1125 4503 1169 4552 lib.
1183 4517 1205 4566 5.
1218 4518 1239 4552 c.
1251 4503 1281 4560 ὗς
1298 4502 1366 4567 Sigo.
1382 4517 1402 4553 r.
1414 4503 1445 4552 de
1457 4503 1495 4552 Iu.
1508 4504 1565 4553 Pro.
1578 4519 1598 4554 c.
1614 4519 1652 4553 10.

644 4583 654 4613 ¹
672 4585 734 4634 Hot.
746 4585 782 4637 ill.
794 4599 862 4718 quqb
884 4669 915 4718 de
928 4683 969 4717 mu
990 4683 1024 4718 ΠΟ
1044 4584 1172 4732 ἔ91.1ἒ.)ἀο
1184 4585 1240 4650 adq.
1252 4585 1585 4734 poss.n(1goq1e.sp)li;bC;str.
1598 4587 1615 4636 l.
1628 4589 1660 4636 60
1672 4587 1719 4638 loc.
