4456 5566
719 849 780 903 DE
809 848 914 903 IURE
943 848 1078 914 BELLI,
1110 847 1237 916 LIB.I,
1270 847 1405 902 CARI.
1740 857 1760 920 9

360 1103 517 1160 sexcenta
540 1093 613 1158 alia
668 1093 717 1157 Et'
737 1091 946 1172 Aristoteles,
969 1091 1115 1160 ‘Omnes
1138 1091 1289 1156 homines
1312 1101 1429 1156 natura
1456 1092 1537 1156 scire
1559 1091 1760 1157 desiderant.

361 1207 509 1272 ‘Omnes
524 1213 682 1289 appetere
696 1205 821 1268 bonurn
840 1203 1032 1282 uidentur¹,'
1051 1213 1113 1269 etc.
1158 1205 1250 1268 Nota
1263 1203 1347 1269 haec
1362 1195 1448 1269 sunt
1471 1225 1557 1289 quae
1575 1205 1602 1270 si
1622 1205 1761 1289 probare

360 1327 475 1396 tentes,
497 1318 653 1382 obscures
662 1315 685 1382 ¹.
712 1325 801 1381 certe
823 1315 1029 1380 demonstres
1052 1315 1179 1394 frustra,
1197 1317 1426 1381 demonstrata
1442 1338 1529 1401 quae
1550 1326 1628 1382 sunt
1637 1317 1659 1382 ³.
1705 1317 1762 1383 Sic

359 1430 402 1493 de
423 1429 560 1493 notoriis
582 1429 717 1494 tradunt
743 1427 938 1511 interpretes
960 1427 1038 1490 iuris
1064 1447 1188 1506 omnes,
1211 1447 1250 1491 ea
1272 1426 1417 1510 allegare
1443 1429 1578 1510 quidem
1601 1438 1761 1512 oportere,

360 1541 418 1604 sed
437 1540 577 1623 probare
598 1560 664 1605 non
685 1548 836 1622 oportere
849 1537 871 1604 ⁴.
917 1537 1007 1603 Satis
1025 1539 1202 1622 probatum
1219 1547 1278 1617 est,
1293 1537 1344 1602 ius
1363 1560 1436 1603 esse
1454 1539 1611 1618 naturale,
1627 1540 1717 1623 quod
1733 1539 1760 1604 si

360 1651 440 1734 quid
456 1651 557 1716 iacias
571 1651 730 1716 aduersus
745 1650 836 1728 illud,
848 1660 885 1715 tu
900 1652 953 1714 uel
965 1651 1092 1733 pudore
1107 1658 1277 1733 correptus
1291 1651 1417 1714 factum
1432 1671 1643 1735 suppressum
1657 1652 1761 1718 uelis:

358 1771 417 1827 aut
439 1764 467 1828 si
485 1785 526 1828 eo
548 1763 744 1845 processeris
767 1763 1001 1845 impudentiae,
1024 1772 1061 1827 ut
1083 1762 1224 1840 fatearis,
1246 1761 1479 1846 delendasque,
1502 1764 1625 1828 sentias
1647 1773 1760 1829 tamen

360 1875 458 1952 idem,
475 1875 566 1958 quod
589 1875 730 1938 traditur
751 1874 794 1938 de
815 1873 869 1938 his
890 1875 1070 1952 sententiis,
1088 1894 1174 1957 quae
1196 1875 1367 1939 axiomata
1389 1875 1609 1954 nominantur,
1627 1876 1760 1940 delendi

360 1985 483 2050 factum
514 2006 581 2049 non
611 2005 718 2068 posse.
763 1984 862 2050 ‘Hoc
887 1995 939 2050 est
963 1986 1150 2049 maximum
1178 1995 1314 2050 naturae
1343 1987 1505 2064 meritum,
1531 1996 1567 2051 ut
1593 1986 1698 2051 uirtus
1727 1988 1760 2051 in

361 2100 369 2128 ‘
384 2097 533 2161 omnium
548 2097 676 2161 animos
692 2095 804 2160 lumen
820 2116 916 2160 suum
931 2097 1090 2162 immittat
1100 2095 1134 2162 ὃ]
1158 2097 1336 2162 ‘interiore
1348 2099 1458 2163 nescio
1471 2118 1537 2181 qua
1552 2095 1760 2164 conscientia’

360 2206 480 2294 (inquit
501 2205 725 2294 Augustinus)
748 2207 891 2273 ‘isthaec
914 2209 1075 2273 sentimus
1085 2205 1117 2272 ¹.’
1156 2208 1274 2292 ‘Quod
1298 2230 1375 2274 uere
1398 2209 1523 2274 malum
1547 2207 1615 2288 est,’
1639 2207 1760 2296 (inquit

360 2317 598 2406 Tertullianus)
614 2323 673 2384 ‘ne
687 2321 750 2403 ipsi
765 2309 909 2404 quidem,
924 2341 1008 2403 quos
1024 2318 1118 2403 rapit,
1133 2319 1311 2384 defendere
1326 2341 1386 2403 pro
1401 2322 1490 2386 bono
1505 2322 1638 2386 audent.
1661 2342 1760 2386 omne

361 2437 368 2465 ‘
384 2433 508 2497 malum
524 2443 582 2496 aut
597 2433 723 2510 timore,
738 2441 796 2496 aut
812 2432 939 2514 pudore
957 2440 1075 2496 natura
1093 2431 1236 2514 perfudit
1246 2431 1277 2496 ¹.'
1323 2431 1369 2496 Et
1385 2453 1452 2496 non
1467 2431 1592 2497 iustitia
1606 2433 1685 2512 sola,
1700 2433 1759 2496 sed

360 2553 392 2609 et
415 2547 521 2628 pudor
539 2545 659 2609 missus
681 2544 801 2609 dicitur
822 2545 865 2607 de
888 2542 989 2623 caelo,
1008 2544 1063 2627 qui
1082 2544 1234 2608 homines
1257 2554 1393 2628 regeret,
1413 2553 1446 2610 et
1468 2545 1502 2609 in
1525 2545 1634 2609 officio
1656 2545 1760 2610 conti-

361 2666 452 2721 neret
460 2655 483 2720 ⁸.
527 2655 646 2739 ‘Quod
669 2656 746 2720 licet
768 2664 904 2738 possent
922 2675 1051 2738 negare,
1071 2676 1137 2719 non
1159 2665 1294 2739 possent
1315 2665 1427 2720 tamen
1451 2675 1516 2721 non
1539 2658 1730 2721 erubescere
1742 2654 1760 2721 :¹

360 2770 406 2833 sic
428 2767 658 2832 Ambrosius⁹.
704 2766 761 2832 Sic
786 2767 1013 2832 Iurisconsulti
1039 2768 1140 2845 aiunt,
1168 2788 1228 2832 nec
1253 2768 1375 2832 iustum
1402 2767 1550 2851 intelligi,
1576 2769 1667 2852 quod
1694 2789 1760 2834 non

361 2880 536 2964 eleganter,
551 2882 640 2964 quod
657 2900 723 2944 non
743 2881 814 2946 sine
832 2882 965 2964 pudore,
982 2901 1049 2944 non
1069 2882 1249 2946 secundum
1269 2882 1439 2964 pudorem,
1456 2901 1522 2945 non
1541 2903 1586 2946 ex
1604 2901 1760 2946 uerecun-

360 2993 414 3057 dia
429 2993 636 3057 desideratur
644 2991 679 3057 ¹⁰.
725 2992 777 3056 Ita
791 2993 842 3057 ius
857 2992 1044 3058 defenditur
1058 2993 1216 3075 gentium.

405 3104 474 3171 Sed
493 3105 573 3170 illud
593 3106 781 3189 probabunt
804 3106 903 3184 etiam
926 3107 1110 3171 sententiae
1128 3126 1323 3189 magnomm
1342 3116 1514 3171 auctorum
1533 3125 1651 3188 saepe:
1674 3125 1760 3188 quae

363 3219 396 3282 in
427 3227 570 3284 tractatu
604 3227 717 3282 nostro
754 3219 916 3283 tenebunt
953 3218 1071 3298 locum,
1101 3227 1138 3283 ut
1176 3220 1209 3282 in
1242 3218 1314 3283 aliis
1345 3219 1479 3296 artibus,
1513 3227 1547 3282 et
1579 3216 1761 3300 disciplinis

361 3327 514 3390 omnibus
543 3335 667 3392 tenent.
714 3325 847 3391 Scilicet
877 3327 923 3391 sic
957 3326 1157 3409 Philosophi,
1187 3328 1233 3392 sic
1261 3327 1428 3410 sapientes
1458 3326 1548 3409 loqui
1576 3324 1759 3389 secundum

362 3449 513 3504 naturam
542 3458 750 3504 consueuere.
813 3438 859 3502 Et
891 3439 937 3502 sic
968 3438 1124 3521 exempla
1153 3458 1267 3502 eorum
1296 3438 1360 3503 huc
1393 3438 1535 3514 uenient,
1567 3437 1624 3519 qui
1656 3435 1760 3518 probi,

362 3560 395 3615 et
428 3551 557 3634 probati
585 3550 757 3615 habentur.
803 3571 880 3614 narn
910 3559 945 3614 et
974 3550 1026 3613 isti
1062 3551 1167 3633 egisse
1199 3551 1380 3614 secundum
1415 3558 1565 3613 naturam
1595 3549 1758 3612 uidentur.

363 3661 562 3746 Quanquam
591 3663 680 3727 enim
713 3681 774 3726 nec
804 3663 847 3726 sit
877 3660 1040 3744 exemplis
1071 3659 1337 3725 iudicandum¹¹z
1374 3669 1409 3724 et
1439 3679 1538 3724 aurea
1571 3679 1610 3724 ea
1640 3658 1760 3723 dicitur

364 3774 537 3838 Iustiniani
560 3774 624 3838 lex.
653 3774 696 3838 ab
723 3773 887 3857 exemplis
909 3783 1020 3838 tamen
1047 3773 1123 3836 duci
1148 3772 1353 3856 probabilem
1380 3773 1611 3850 coniecturam,
1634 3780 1760 3836 certum

363 3895 420 3950 est.
465 3895 498 3951 et
528 3885 560 3950 in
588 3886 688 3950 dubio
716 3886 925 3950 iudicandum
953 3886 1020 3948 imo
1046 3895 1095 3949 est
1119 3884 1304 3967 exemplis:
1337 3893 1371 3949 et
1400 3904 1476 3948 curn
1506 3883 1589 3946 itum
1618 3883 1650 3946 in
1681 3902 1758 3946 con-

362 3997 568 4061 suetudinem
592 4007 642 4060 est
652 3995 686 4062 ¹².
730 3997 849 4080 Neque
873 3997 960 4061 enim
984 4005 1112 4060 mutare
1134 3997 1239 4076 decet,
1257 4017 1344 4084 quae
1366 4004 1490 4060 certam
1513 3993 1758 4060 obseruantiam

523 4248 531 4278 ¹
550 4249 628 4298 Arist.
639 4248 702 4313 prin.
715 4247 828 4314 Metaph.
840 4254 864 4299 et
877 4242 935 4296 Eur.
1099 4246 1115 4276 ¹
1126 4247 1204 4296 Arist.
1218 4259 1232 4309 3
1245 4245 1293 4296 Rh.
1308 4255 1337 4310 17
1349 4263 1356 4308 ;
1373 4246 1448 4296 Card.
1463 4260 1483 4296 1.
1495 4245 1526 4295 de
1537 4245 1595 4311 sip.

402 4331 412 4360 ⁸
428 4330 444 4380 1.
459 4345 480 4379 r.
492 4330 524 4380 de
535 4331 576 4380 do.
588 4331 696 4396 praeleg.
712 4331 757 4393 (D.
770 4345 809 4393 3²·
824 4333 858 4393 a).
992 4331 1001 4359 ⁴
1018 4329 1094 4396 Greg.
1106 4330 1181 4380 Decr.
1195 4345 1216 4378 a.
1230 4343 1267 4380 π.
1403 4328 1413 4358 ¹
1429 4327 1485 4378 Seu.
1497 4344 1521 4392 4.
1533 4327 1564 4378 de
1576 4328 1658 4378 Benei.
1672 4340 1710 4390 η.

455 4412 466 4443 ⁸
484 4414 551 4478 Aug.
562 4415 594 4462 de
605 4412 667 4464 Util.
681 4413 754 4464 Cred.
766 4429 786 4464 o
801 4411 839 4464 16.
949 4412 960 4443 ¹
978 4414 1046 4464 Tert.
1058 4413 1135 4478 Apol.
1148 4429 1171 4463 e.
1185 4425 1206 4461 r.
1321 4412 1332 4442 ⁸
1348 4411 1411 4463 Plat.
1423 4413 1507 4468 Prota.
1520 4414 1555 4477 (p.
1569 4424 1616 4472 5²²
1628 4412 1662 4474 c).

360 4495 370 4524 ¹
388 4496 462 4546 Amb.
474 4510 497 4558 3.
509 4496 541 4545 de
552 4495 601 4546 on.
615 4510 653 4560 14.
829 4495 849 4526 ¹¹
866 4494 883 4545 1.
896 4509 919 4559 3.
934 4510 972 4562 ¹9·
985 4495 1016 4545 de
1028 4512 1093 4546 usur.
1109 4496 1154 4558 (Ι),
1170 4509 1208 4544 22.
1223 4495 1264 4556 1);
1282 4496 1298 4546 l.
1314 4509 1351 4558 15.
1363 4496 1395 4544 de
1406 4495 1479 4545 cond.
1491 4495 1523 4543 in.
1537 4493 1582 4558 (D.
1597 4493 1689 4555 12.6);
1707 4491 1723 4540 l.
1737 4494 1760 4541 8.

696 4579 738 4645 qui
750 4593 800 4630 mo.
812 4579 846 4644 pi.
858 4594 894 4629 so.
907 4579 954 4640 (D.
968 4593 1005 4628 20.
1018 4578 1062 4642 6);
1080 4579 1097 4627 l.
1112 4592 1149 4642 ¹4·
1161 4580 1192 4629 de
1205 4593 1263 4644 nup.
1277 4578 1323 4640 (D.
1337 4592 1374 4640 ²3·
1389 4581 1422 4641 a).

523 4660 541 4691 ¹¹
557 4661 575 4712 l.
590 4675 628 4726 1³·
640 4663 669 4712 C.
682 4661 714 4712 de
724 4668 828 4712 sentent
842 4663 877 4725 (7.
890 4664 947 4724 45);
965 4661 1021 4711 Alc.
1036 4677 1058 4725 5.
1070 4676 1137 4712 cons.
1150 4676 1189 4723 33,
1198 4667 1223 4711 et
1233 4661 1255 4710 6.
1269 4674 1317 4723 503
1334 4659 1419 4710 Deoia
1432 4672 1455 4722 3.
1467 4674 1534 4708 cons.
1548 4671 1601 4708 100.

720 4744 739 4775 ¹²
755 4745 837 4795 Socin.
849 4761 899 4808 reg.
914 4745 976 4800 280;
994 4743 1073 4808 Ceph.
1087 4759 1155 4792 cons.
1170 4757 1207 4806 ²5·
1220 4743 1259 4808 96.
1274 4755 1328 4791 rao.
1341 4752 1396 4804 307.

362 4887 725 4903 -ῌ-ῌ
736 4896 819 4902 --—-

1052 4966 1072 5014 C
