<?xml version="1.0" encoding="UTF-8"?>
<!DOCTYPE html PUBLIC "-//W3C//DTD XHTML 1.0 Transitional//EN"
    "http://www.w3.org/TR/xhtml1/DTD/xhtml1-transitional.dtd">
<html xmlns="http://www.w3.org/1999/xhtml" xml:lang="en" lang="en">
 <head>
  <title>
</title>
<meta http-equiv="Content-Type" content="text/html;charset=utf-8" />
  <meta name='ocr-system' content='tesseract 3.04.00' />
  <meta name='ocr-capabilities' content='ocr_page ocr_carea ocr_par ocr_line ocrx_word'/>
</head>
<body>
  <div class='ocr_page' id='page_1' title='image "albericigentili01gentgoog_0095.png"; bbox 0 0 4604 5562; ppageno 0'>
   <div class='ocr_carea' id='block_1_1' title="bbox 488 681 1401 746">
    <p class='ocr_par' dir='ltr' id='par_1_1' title="bbox 488 681 1401 746">
     <span class='ocr_line' id='line_1_1' title="bbox 488 681 1401 746; baseline -0.002 -4"><span class='ocrx_word' id='word_1_1' title='bbox 488 681 531 746; x_wconf 80' lang='lat'><strong>62</strong></span> <span class='ocrx_word' id='word_1_2' title='bbox 973 685 1175 740; x_wconf 79' lang='lat' dir='ltr'><em>ALBERICI</em></span> <span class='ocrx_word' id='word_1_3' title='bbox 1202 685 1401 740; x_wconf 85' lang='lat' dir='ltr'><em>GENTILIS</em></span> 
     </span>
    </p>
   </div>
   <div class='ocr_carea' id='block_1_2' title="bbox 485 927 1884 4234">
    <p class='ocr_par' dir='ltr' id='par_1_2' title="bbox 485 927 1884 4234">
     <span class='ocr_line' id='line_1_2' title="bbox 488 927 1884 1014; baseline 0 -18"><span class='ocrx_word' id='word_1_4' title='bbox 488 932 620 1009; x_wconf 90' lang='lat' dir='ltr'><strong>scilicet,</strong></span> <span class='ocrx_word' id='word_1_5' title='bbox 635 951 732 1014; x_wconf 88' lang='lat' dir='ltr'><strong>posse</strong></span> <span class='ocrx_word' id='word_1_6' title='bbox 750 950 810 992; x_wconf 91' lang='lat' dir='ltr'><strong>nos</strong></span> <span class='ocrx_word' id='word_1_7' title='bbox 828 929 977 992; x_wconf 90' lang='lat' dir='ltr'><strong>iniuriam</strong></span> <span class='ocrx_word' id='word_1_8' title='bbox 996 929 1074 1011; x_wconf 88' lang='lat' dir='ltr'><strong>pati,</strong></span> <span class='ocrx_word' id='word_1_9' title='bbox 1089 927 1150 991; x_wconf 88' lang='lat' dir='ltr'><strong>etsi</strong></span> <span class='ocrx_word' id='word_1_10' title='bbox 1170 947 1235 990; x_wconf 94' lang='lat' dir='ltr'><strong>non</strong></span> <span class='ocrx_word' id='word_1_11' title='bbox 1255 928 1428 1010; x_wconf 88' lang='lat' dir='ltr'><strong>patiamur.</strong></span> <span class='ocrx_word' id='word_1_12' title='bbox 1462 928 1550 1008; x_wconf 92' lang='lat' dir='ltr'><strong>quod</strong></span> <span class='ocrx_word' id='word_1_13' title='bbox 1567 927 1791 994; x_wconf 88' lang='lat' dir='ltr'><strong>Plutarchus¹.</strong></span> <span class='ocrx_word' id='word_1_14' title='bbox 1837 931 1884 996; x_wconf 90' lang='lat' dir='ltr'><strong>Et</strong></span> 
     </span>
     <span class='ocr_line' id='line_1_3' title="bbox 490 1037 1883 1124; baseline -0.001 -16"><span class='ocrx_word' id='word_1_15' title='bbox 490 1043 621 1121; x_wconf 92' lang='lat' dir='ltr'><strong>Baldus,</strong></span> <span class='ocrx_word' id='word_1_16' title='bbox 646 1042 736 1124; x_wconf 94' lang='lat' dir='ltr'><strong>quod</strong></span> <span class='ocrx_word' id='word_1_17' title='bbox 764 1040 839 1104; x_wconf 90' lang='lat' dir='ltr'><strong>licet</strong></span> <span class='ocrx_word' id='word_1_18' title='bbox 865 1039 971 1103; x_wconf 84' lang='lat' dir='ltr'><strong>lacere</strong></span> <span class='ocrx_word' id='word_1_19' title='bbox 996 1040 1038 1102; x_wconf 90' lang='lat' dir='ltr'><strong>ad</strong></span> <span class='ocrx_word' id='word_1_20' title='bbox 1066 1038 1290 1102; x_wconf 91' lang='lat' dir='ltr'><strong>obuiandum:</strong></span> <span class='ocrx_word' id='word_1_21' title='bbox 1323 1058 1384 1102; x_wconf 89' lang='lat' dir='ltr'><strong>nec</strong></span> <span class='ocrx_word' id='word_1_22' title='bbox 1413 1037 1533 1102; x_wconf 89' lang='lat' dir='ltr'><strong>debeat</strong></span> <span class='ocrx_word' id='word_1_23' title='bbox 1558 1039 1592 1100; x_wconf 92' lang='lat' dir='ltr'><strong>in</strong></span> <span class='ocrx_word' id='word_1_24' title='bbox 1618 1049 1786 1121; x_wconf 84' lang='lat' dir='ltr'><strong>potestate</strong></span> <span class='ocrx_word' id='word_1_25' title='bbox 1812 1062 1883 1106; x_wconf 90' lang='lat' dir='ltr'><strong>csse</strong></span> 
     </span>
     <span class='ocr_line' id='line_1_4' title="bbox 488 1149 1884 1235; baseline -0.001 -18"><span class='ocrx_word' id='word_1_26' title='bbox 488 1154 676 1229; x_wconf 89' lang='lat' dir='ltr'><strong>aduersarii,</strong></span> <span class='ocrx_word' id='word_1_27' title='bbox 706 1153 733 1216; x_wconf 90' lang='lat' dir='ltr'><strong>si</strong></span> <span class='ocrx_word' id='word_1_28' title='bbox 764 1151 863 1215; x_wconf 89' lang='lat' dir='ltr'><strong>uelit:</strong></span> <span class='ocrx_word' id='word_1_29' title='bbox 897 1159 931 1214; x_wconf 90' lang='lat' dir='ltr'><strong>et</strong></span> <span class='ocrx_word' id='word_1_30' title='bbox 963 1151 1051 1232; x_wconf 93' lang='lat' dir='ltr'><strong>quod</strong></span> <span class='ocrx_word' id='word_1_31' title='bbox 1083 1149 1356 1213; x_wconf 88' lang='lat' dir='ltr'><strong>considerandum</strong></span> <span class='ocrx_word' id='word_1_32' title='bbox 1386 1149 1437 1223; x_wconf 89' lang='lat' dir='ltr'><strong>sit,</strong></span> <span class='ocrx_word' id='word_1_33' title='bbox 1468 1150 1557 1232; x_wconf 93' lang='lat' dir='ltr'><strong>quod</strong></span> <span class='ocrx_word' id='word_1_34' title='bbox 1587 1150 1698 1229; x_wconf 88' lang='lat' dir='ltr'><strong>officit,</strong></span> <span class='ocrx_word' id='word_1_35' title='bbox 1728 1153 1884 1235; x_wconf 90' lang='lat' dir='ltr'><strong>quodque</strong></span> 
     </span>
     <span class='ocr_line' id='line_1_5' title="bbox 489 1260 1882 1346; baseline -0.001 -19"><span class='ocrx_word' id='word_1_36' title='bbox 489 1265 618 1327; x_wconf 86' lang='lat' dir='ltr'><strong>officere</strong></span> <span class='ocrx_word' id='word_1_37' title='bbox 647 1271 757 1346; x_wconf 88' lang='lat' dir='ltr'><strong>potest</strong></span> <span class='ocrx_word' id='word_1_38' title='bbox 766 1261 787 1325; x_wconf 73' lang='lat'><strong>2.</strong></span> <span class='ocrx_word' id='word_1_39' title='bbox 834 1261 946 1325; x_wconf 91' lang='lat' dir='ltr'><strong>Etiam</strong></span> <span class='ocrx_word' id='word_1_40' title='bbox 976 1260 1219 1343; x_wconf 90' lang='lat' dir='ltr'><strong>perseuerantia</strong></span> <span class='ocrx_word' id='word_1_41' title='bbox 1248 1260 1442 1324; x_wconf 86' lang='lat' dir='ltr'>concordiae</span> <span class='ocrx_word' id='word_1_42' title='bbox 1471 1260 1556 1323; x_wconf 91' lang='lat' dir='ltr'><strong>inter</strong></span> <span class='ocrx_word' id='word_1_43' title='bbox 1579 1261 1743 1324; x_wconf 88' lang='lat' dir='ltr'><strong>elementa</strong></span> <span class='ocrx_word' id='word_1_44' title='bbox 1767 1263 1813 1326; x_wconf 88' lang='lat' dir='ltr'><strong>sic</strong></span> <span class='ocrx_word' id='word_1_45' title='bbox 1840 1263 1882 1326; x_wconf 88' lang='lat' dir='ltr'><strong>ab</strong></span> 
     </span>
     <span class='ocr_line' id='line_1_6' title="bbox 488 1370 1882 1457; baseline -0.001 -18"><span class='ocrx_word' id='word_1_46' title='bbox 488 1396 594 1457; x_wconf 90' lang='lat' dir='ltr'><strong>aequa</strong></span> <span class='ocrx_word' id='word_1_47' title='bbox 612 1374 788 1457; x_wconf 87' lang='lat' dir='ltr'><strong>partitione</strong></span> <span class='ocrx_word' id='word_1_48' title='bbox 806 1383 874 1437; x_wconf 91' lang='lat' dir='ltr'><strong>est:</strong></span> <span class='ocrx_word' id='word_1_49' title='bbox 906 1383 940 1437; x_wconf 91' lang='lat' dir='ltr'><strong>et</strong></span> <span class='ocrx_word' id='word_1_50' title='bbox 958 1373 1038 1435; x_wconf 89' lang='lat' dir='ltr'><strong>dum</strong></span> <span class='ocrx_word' id='word_1_51' title='bbox 1057 1372 1089 1434; x_wconf 94' lang='lat' dir='ltr'><strong>in</strong></span> <span class='ocrx_word' id='word_1_52' title='bbox 1108 1370 1198 1434; x_wconf 92' lang='lat' dir='ltr'><strong>nullo</strong></span> <span class='ocrx_word' id='word_1_53' title='bbox 1217 1370 1305 1433; x_wconf 88' lang='lat' dir='ltr'><strong>aliud</strong></span> <span class='ocrx_word' id='word_1_54' title='bbox 1324 1370 1367 1433; x_wconf 90' lang='lat' dir='ltr'><strong>ab</strong></span> <span class='ocrx_word' id='word_1_55' title='bbox 1389 1371 1453 1434; x_wconf 88' lang='lat' dir='ltr'><strong>alio</strong></span> <span class='ocrx_word' id='word_1_56' title='bbox 1470 1370 1610 1435; x_wconf 89' lang='lat' dir='ltr'><strong>uincitur</strong></span> <span class='ocrx_word' id='word_1_57' title='bbox 1619 1370 1642 1434; x_wconf 78' lang='lat'><strong>³.</strong></span> <span class='ocrx_word' id='word_1_58' title='bbox 1685 1373 1731 1436; x_wconf 90' lang='lat' dir='ltr'><strong>Et</strong></span> <span class='ocrx_word' id='word_1_59' title='bbox 1749 1373 1782 1436; x_wconf 92' lang='lat' dir='ltr'><strong>id</strong></span> <span class='ocrx_word' id='word_1_60' title='bbox 1801 1373 1882 1437; x_wconf 89' lang='lat' dir='ltr'><strong>illud</strong></span> 
     </span>
     <span class='ocr_line' id='line_1_7' title="bbox 489 1481 1883 1568; baseline -0.001 -18"><span class='ocrx_word' id='word_1_61' title='bbox 489 1497 548 1564; x_wconf 90' lang='lat' dir='ltr'><strong>est,</strong></span> <span class='ocrx_word' id='word_1_62' title='bbox 566 1487 655 1568; x_wconf 92' lang='lat' dir='ltr'><strong>quod</strong></span> <span class='ocrx_word' id='word_1_63' title='bbox 675 1484 941 1567; x_wconf 89' lang='lat' dir='ltr'><strong>sapientissimus,</strong></span> <span class='ocrx_word' id='word_1_64' title='bbox 960 1492 993 1546; x_wconf 92' lang='lat' dir='ltr'><strong>et</strong></span> <span class='ocrx_word' id='word_1_65' title='bbox 1011 1483 1101 1564; x_wconf 87' lang='lat' dir='ltr'>pacis</span> <span class='ocrx_word' id='word_1_66' title='bbox 1124 1481 1389 1559; x_wconf 86' lang='lat' dir='ltr'><strong>studiosissimus,</strong></span> <span class='ocrx_word' id='word_1_67' title='bbox 1404 1501 1442 1544; x_wconf 91' lang='lat' dir='ltr'><strong>ac</strong></span> <span class='ocrx_word' id='word_1_68' title='bbox 1459 1482 1551 1563; x_wconf 89' lang='lat' dir='ltr'><strong>pacis</strong></span> <span class='ocrx_word' id='word_1_69' title='bbox 1569 1491 1669 1563; x_wconf 91' lang='lat' dir='ltr'><strong>pater,</strong></span> <span class='ocrx_word' id='word_1_70' title='bbox 1687 1482 1883 1549; x_wconf 83' lang='lat' dir='ltr'><strong>Laurentius</strong></span> 
     </span>
     <span class='ocr_line' id='line_1_8' title="bbox 488 1592 1883 1676; baseline -0.001 -15"><span class='ocrx_word' id='word_1_71' title='bbox 488 1598 543 1662; x_wconf 91' lang='lat' dir='ltr'><strong>ille</strong></span> <span class='ocrx_word' id='word_1_72' title='bbox 559 1597 706 1661; x_wconf 90' lang='lat' dir='ltr'><strong>Medices</strong></span> <span class='ocrx_word' id='word_1_73' title='bbox 722 1595 908 1676; x_wconf 91' lang='lat' dir='ltr'><strong>procurauit</strong></span> <span class='ocrx_word' id='word_1_74' title='bbox 926 1613 1064 1676; x_wconf 86' lang='lat' dir='ltr'><strong>semper,</strong></span> <span class='ocrx_word' id='word_1_75' title='bbox 1079 1602 1115 1656; x_wconf 92' lang='lat' dir='ltr'><strong>ut</strong></span> <span class='ocrx_word' id='word_1_76' title='bbox 1134 1613 1184 1656; x_wconf 90' lang='lat' dir='ltr'><strong>res</strong></span> <span class='ocrx_word' id='word_1_77' title='bbox 1204 1592 1363 1656; x_wconf 85' lang='lat' dir='ltr'><strong>Italorum</strong></span> <span class='ocrx_word' id='word_1_78' title='bbox 1386 1592 1570 1674; x_wconf 88' lang='lat' dir='ltr'><strong>principum</strong></span> <span class='ocrx_word' id='word_1_79' title='bbox 1594 1594 1726 1675; x_wconf 89' lang='lat' dir='ltr'><strong>paribus</strong></span> <span class='ocrx_word' id='word_1_80' title='bbox 1744 1594 1883 1660; x_wconf 84' lang='lat' dir='ltr'><strong>libratae</strong></span> 
     </span>
     <span class='ocr_line' id='line_1_9' title="bbox 488 1702 1883 1790; baseline -0.001 -18"><span class='ocrx_word' id='word_1_81' title='bbox 488 1709 688 1790; x_wconf 90' lang='lat' dir='ltr'><strong>ponderibus</strong></span> <span class='ocrx_word' id='word_1_82' title='bbox 704 1706 818 1770; x_wconf 82' lang='lat' dir='ltr'><strong>forent.</strong></span> <span class='ocrx_word' id='word_1_83' title='bbox 838 1705 925 1769; x_wconf 91' lang='lat' dir='ltr'><strong>unde</strong></span> <span class='ocrx_word' id='word_1_84' title='bbox 941 1715 974 1768; x_wconf 92' lang='lat' dir='ltr'><strong>et</strong></span> <span class='ocrx_word' id='word_1_85' title='bbox 991 1704 1106 1768; x_wconf 89' lang='lat' dir='ltr'><strong>Italiae</strong></span> <span class='ocrx_word' id='word_1_86' title='bbox 1121 1703 1204 1767; x_wconf 84' lang='lat' dir='ltr'><strong>soret</strong></span> <span class='ocrx_word' id='word_1_87' title='bbox 1219 1723 1302 1785; x_wconf 84' lang='lat' dir='ltr'><strong>pax:</strong></span> <span class='ocrx_word' id='word_1_88' title='bbox 1325 1723 1411 1784; x_wconf 91' lang='lat' dir='ltr'><strong>quae</strong></span> <span class='ocrx_word' id='word_1_89' title='bbox 1426 1712 1460 1766; x_wconf 90' lang='lat' dir='ltr'><strong>et</strong></span> <span class='ocrx_word' id='word_1_90' title='bbox 1475 1702 1536 1766; x_wconf 83' lang='lat' dir='ltr'><strong>suit</strong></span> <span class='ocrx_word' id='word_1_91' title='bbox 1552 1723 1592 1767; x_wconf 92' lang='lat' dir='ltr'><strong>eo</strong></span> <span class='ocrx_word' id='word_1_92' title='bbox 1608 1704 1684 1768; x_wconf 90' lang='lat' dir='ltr'><strong>uiuo</strong></span> <span class='ocrx_word' id='word_1_93' title='bbox 1700 1715 1734 1768; x_wconf 91' lang='lat' dir='ltr'><strong>et</strong></span> <span class='ocrx_word' id='word_1_94' title='bbox 1746 1709 1883 1770; x_wconf 88' lang='lat' dir='ltr'><strong>custode</strong></span> 
     </span>
     <span class='ocr_line' id='line_1_10' title="bbox 488 1813 1882 1900; baseline -0.001 -17"><span class='ocrx_word' id='word_1_95' title='bbox 488 1821 621 1884; x_wconf 90' lang='lat' dir='ltr'><strong>huiusce</strong></span> <span class='ocrx_word' id='word_1_96' title='bbox 640 1818 906 1900; x_wconf 85' lang='lat' dir='ltr'><strong>temperationis:</strong></span> <span class='ocrx_word' id='word_1_97' title='bbox 937 1825 970 1880; x_wconf 89' lang='lat' dir='ltr'><strong>et</strong></span> <span class='ocrx_word' id='word_1_98' title='bbox 988 1836 1073 1899; x_wconf 91' lang='lat' dir='ltr'><strong>quae</strong></span> <span class='ocrx_word' id='word_1_99' title='bbox 1088 1814 1185 1879; x_wconf 89' lang='lat' dir='ltr'><strong>desiit</strong></span> <span class='ocrx_word' id='word_1_100' title='bbox 1203 1834 1281 1898; x_wconf 88' lang='lat' dir='ltr'><strong>pax,</strong></span> <span class='ocrx_word' id='word_1_101' title='bbox 1296 1834 1399 1895; x_wconf 91' lang='lat' dir='ltr'><strong>quum</strong></span> <span class='ocrx_word' id='word_1_102' title='bbox 1418 1813 1568 1878; x_wconf 88' lang='lat' dir='ltr'><strong>desiisset</strong></span> <span class='ocrx_word' id='word_1_103' title='bbox 1591 1814 1654 1894; x_wconf 91' lang='lat' dir='ltr'><strong>ille,</strong></span> <span class='ocrx_word' id='word_1_104' title='bbox 1673 1825 1706 1879; x_wconf 89' lang='lat' dir='ltr'><strong>et</strong></span> <span class='ocrx_word' id='word_1_105' title='bbox 1724 1816 1779 1880; x_wconf 91' lang='lat' dir='ltr'><strong>illa</strong></span> <span class='ocrx_word' id='word_1_106' title='bbox 1797 1826 1882 1881; x_wconf 88' lang='lat' dir='ltr'><strong>tem-</strong></span> 
     </span>
     <span class='ocr_line' id='line_1_11' title="bbox 488 1924 1881 2014; baseline -0.001 -22"><span class='ocrx_word' id='word_1_107' title='bbox 488 1927 644 2014; x_wconf 81' lang='lat' dir='ltr'><strong>peratio⁴.</strong></span> <span class='ocrx_word' id='word_1_108' title='bbox 690 1929 815 2011; x_wconf 84' lang='lat' dir='ltr'><strong>Magna</strong></span> <span class='ocrx_word' id='word_1_109' title='bbox 836 1927 945 2009; x_wconf 91' lang='lat' dir='ltr'><strong>proles</strong></span> <span class='ocrx_word' id='word_1_110' title='bbox 968 1927 1127 2004; x_wconf 89' lang='lat' dir='ltr'><strong>Medicea,</strong></span> <span class='ocrx_word' id='word_1_111' title='bbox 1150 1934 1183 1989; x_wconf 89' lang='lat' dir='ltr'><strong>et</strong></span> <span class='ocrx_word' id='word_1_112' title='bbox 1209 1925 1281 1988; x_wconf 90' lang='lat' dir='ltr'><strong>urbi</strong></span> <span class='ocrx_word' id='word_1_113' title='bbox 1307 1945 1395 2000; x_wconf 87' lang='lat' dir='ltr'><strong>suae,</strong></span> <span class='ocrx_word' id='word_1_114' title='bbox 1420 1932 1453 1988; x_wconf 84' lang='lat' dir='ltr'><strong>et</strong></span> <span class='ocrx_word' id='word_1_115' title='bbox 1476 1924 1592 1988; x_wconf 86' lang='lat' dir='ltr'><strong>Italiae</strong></span> <span class='ocrx_word' id='word_1_116' title='bbox 1618 1925 1762 2008; x_wconf 89' lang='lat' dir='ltr'><strong>reliquae</strong></span> <span class='ocrx_word' id='word_1_117' title='bbox 1787 1931 1881 2010; x_wconf 87' lang='lat' dir='ltr'><strong>prae-</strong></span> 
     </span>
     <span class='ocr_line' id='line_1_12' title="bbox 488 2037 1882 2122; baseline -0.002 -16"><span class='ocrx_word' id='word_1_118' title='bbox 488 2042 608 2108; x_wconf 92' lang='lat' dir='ltr'><strong>sidium</strong></span> <span class='ocrx_word' id='word_1_119' title='bbox 643 2059 809 2122; x_wconf 87' lang='lat' dir='ltr'><strong>magnum.</strong></span> <span class='ocrx_word' id='word_1_120' title='bbox 865 2039 943 2102; x_wconf 94' lang='lat' dir='ltr'><strong>Non</strong></span> <span class='ocrx_word' id='word_1_121' title='bbox 973 2038 1036 2102; x_wconf 93' lang='lat' dir='ltr'><strong>hoc</strong></span> <span class='ocrx_word' id='word_1_122' title='bbox 1065 2038 1134 2120; x_wconf 90' lang='lat' dir='ltr'><strong>agit</strong></span> <span class='ocrx_word' id='word_1_123' title='bbox 1160 2037 1350 2113; x_wconf 83' lang='lat' dir='ltr'><strong>etiamnum,</strong></span> <span class='ocrx_word' id='word_1_124' title='bbox 1378 2055 1419 2099; x_wconf 89' lang='lat' dir='ltr'><strong>ne</strong></span> <span class='ocrx_word' id='word_1_125' title='bbox 1449 2056 1533 2099; x_wconf 89' lang='lat' dir='ltr'><strong>unus</strong></span> <span class='ocrx_word' id='word_1_126' title='bbox 1566 2037 1671 2118; x_wconf 88' lang='lat' dir='ltr'><strong>possit</strong></span> <span class='ocrx_word' id='word_1_127' title='bbox 1700 2038 1819 2116; x_wconf 91' lang='lat' dir='ltr'><strong>omnia,</strong></span> <span class='ocrx_word' id='word_1_128' title='bbox 1849 2049 1882 2103; x_wconf 87' lang='lat' dir='ltr'><strong>et</strong></span> 
     </span>
     <span class='ocr_line' id='line_1_13' title="bbox 489 2145 1881 2237; baseline -0.004 -19"><span class='ocrx_word' id='word_1_129' title='bbox 489 2154 623 2237; x_wconf 89' lang='lat' dir='ltr'><strong>Europa</strong></span> <span class='ocrx_word' id='word_1_130' title='bbox 638 2153 788 2216; x_wconf 89' lang='lat' dir='ltr'><strong>uniuersa</strong></span> <span class='ocrx_word' id='word_1_131' title='bbox 803 2151 836 2213; x_wconf 90' lang='lat' dir='ltr'><strong>in</strong></span> <span class='ocrx_word' id='word_1_132' title='bbox 852 2150 947 2213; x_wconf 90' lang='lat' dir='ltr'><strong>unius</strong></span> <span class='ocrx_word' id='word_1_133' title='bbox 965 2159 1082 2213; x_wconf 91' lang='lat' dir='ltr'><strong>nutum</strong></span> <span class='ocrx_word' id='word_1_134' title='bbox 1103 2145 1279 2212; x_wconf 85' lang='lat' dir='ltr'><strong>deueniat?</strong></span> <span class='ocrx_word' id='word_1_135' title='bbox 1324 2147 1397 2210; x_wconf 91' lang='lat' dir='ltr'><strong>Nisi</strong></span> <span class='ocrx_word' id='word_1_136' title='bbox 1412 2147 1463 2225; x_wconf 91' lang='lat' dir='ltr'><strong>sit,</strong></span> <span class='ocrx_word' id='word_1_137' title='bbox 1477 2149 1567 2229; x_wconf 91' lang='lat' dir='ltr'><strong>quod</strong></span> <span class='ocrx_word' id='word_1_138' title='bbox 1584 2149 1714 2212; x_wconf 87' lang='lat' dir='ltr'><strong>obstare</strong></span> <span class='ocrx_word' id='word_1_139' title='bbox 1731 2149 1881 2232; x_wconf 88' lang='lat' dir='ltr'><strong>Hispano</strong></span> 
     </span>
     <span class='ocr_line' id='line_1_14' title="bbox 487 2257 1881 2348; baseline -0.004 -19"><span class='ocrx_word' id='word_1_140' title='bbox 487 2265 599 2348; x_wconf 87' lang='lat' dir='ltr'><strong>possit,</strong></span> <span class='ocrx_word' id='word_1_141' title='bbox 618 2263 714 2328; x_wconf 89' lang='lat' dir='ltr'><strong>cadet</strong></span> <span class='ocrx_word' id='word_1_142' title='bbox 733 2281 811 2326; x_wconf 88' lang='lat' dir='ltr'><strong>sane</strong></span> <span class='ocrx_word' id='word_1_143' title='bbox 828 2261 969 2342; x_wconf 88' lang='lat' dir='ltr'><strong>Europa.</strong></span> <span class='ocrx_word' id='word_1_144' title='bbox 1015 2259 1083 2323; x_wconf 94' lang='lat' dir='ltr'><strong>‘Ut</strong></span> <span class='ocrx_word' id='word_1_145' title='bbox 1106 2259 1251 2322; x_wconf 89' lang='lat' dir='ltr'><strong>medium</strong></span> <span class='ocrx_word' id='word_1_146' title='bbox 1274 2259 1301 2320; x_wconf 92' lang='lat' dir='ltr'><strong>si</strong></span> <span class='ocrx_word' id='word_1_147' title='bbox 1324 2258 1397 2339; x_wconf 92' lang='lat' dir='ltr'><strong>quis</strong></span> <span class='ocrx_word' id='word_1_148' title='bbox 1420 2257 1520 2322; x_wconf 88' lang='lat' dir='ltr'><strong>uellat</strong></span> <span class='ocrx_word' id='word_1_149' title='bbox 1543 2259 1586 2322; x_wconf 91' lang='lat' dir='ltr'><strong>de</strong></span> <span class='ocrx_word' id='word_1_150' title='bbox 1607 2257 1730 2323; x_wconf 86' lang='lat' dir='ltr'><strong>fornice</strong></span> <span class='ocrx_word' id='word_1_151' title='bbox 1752 2280 1881 2337; x_wconf 89' lang='lat' dir='ltr'><strong>saxum,</strong></span> 
     </span>
     <span class='ocr_line' id='line_1_15' title="bbox 487 2365 1882 2450; baseline -0.003 -12"><span class='ocrx_word' id='word_1_152' title='bbox 487 2376 704 2440; x_wconf 89' lang='lat' dir='ltr'><strong>‘incumbunt</strong></span> <span class='ocrx_word' id='word_1_153' title='bbox 727 2375 778 2436; x_wconf 91' lang='lat' dir='ltr'><strong>cui</strong></span> <span class='ocrx_word' id='word_1_154' title='bbox 801 2381 927 2450; x_wconf 90' lang='lat' dir='ltr'><strong>cuncta,</strong></span> <span class='ocrx_word' id='word_1_155' title='bbox 950 2369 1047 2434; x_wconf 89' lang='lat' dir='ltr'><strong>simul</strong></span> <span class='ocrx_word' id='word_1_156' title='bbox 1069 2370 1200 2434; x_wconf 90' lang='lat' dir='ltr'><strong>deuexa</strong></span> <span class='ocrx_word' id='word_1_157' title='bbox 1222 2377 1401 2450; x_wconf 87' lang='lat' dir='ltr'><strong>sequentur</strong></span> <span class='ocrx_word' id='word_1_158' title='bbox 1422 2377 1530 2432; x_wconf 85' lang='lat' dir='ltr'><strong>cetera</strong></span> <span class='ocrx_word' id='word_1_159' title='bbox 1542 2365 1574 2433; x_wconf 64' lang='lat'><strong>⁵?</strong></span> <span class='ocrx_word' id='word_1_160' title='bbox 1620 2370 1708 2449; x_wconf 92' lang='lat' dir='ltr'><strong>Non,</strong></span> <span class='ocrx_word' id='word_1_161' title='bbox 1731 2391 1796 2434; x_wconf 92' lang='lat' dir='ltr'><strong>non</strong></span> <span class='ocrx_word' id='word_1_162' title='bbox 1819 2370 1882 2435; x_wconf 93' lang='lat' dir='ltr'><strong>hoc</strong></span> 
     </span>
     <span class='ocr_line' id='line_1_16' title="bbox 487 2479 1881 2572; baseline -0.006 -20"><span class='ocrx_word' id='word_1_163' title='bbox 487 2486 745 2572; x_wconf 88' lang='lat' dir='ltr'><strong>permittendum</strong></span> <span class='ocrx_word' id='word_1_164' title='bbox 772 2491 824 2548; x_wconf 90' lang='lat' dir='ltr'><strong>est</strong></span> <span class='ocrx_word' id='word_1_165' title='bbox 848 2501 1013 2565; x_wconf 89' lang='lat' dir='ltr'><strong>umquam,</strong></span> <span class='ocrx_word' id='word_1_166' title='bbox 1033 2491 1070 2544; x_wconf 90' lang='lat' dir='ltr'><strong>ut</strong></span> <span class='ocrx_word' id='word_1_167' title='bbox 1094 2481 1284 2563; x_wconf 90' lang='lat' dir='ltr'><strong>cuiusquam</strong></span> <span class='ocrx_word' id='word_1_168' title='bbox 1308 2479 1510 2562; x_wconf 90' lang='lat' dir='ltr'><strong>principatus</strong></span> <span class='ocrx_word' id='word_1_169' title='bbox 1538 2481 1570 2542; x_wconf 94' lang='lat' dir='ltr'><strong>in</strong></span> <span class='ocrx_word' id='word_1_170' title='bbox 1595 2489 1724 2544; x_wconf 89' lang='lat' dir='ltr'><strong>tantum</strong></span> <span class='ocrx_word' id='word_1_171' title='bbox 1749 2490 1881 2561; x_wconf 91' lang='lat' dir='ltr'><strong>crescat,</strong></span> 
     </span>
     <span class='ocr_line' id='line_1_17' title="bbox 488 2590 1881 2681; baseline -0.006 -18"><span class='ocrx_word' id='word_1_172' title='bbox 488 2610 524 2663; x_wconf 90' lang='lat' dir='ltr'><strong>ut</strong></span> <span class='ocrx_word' id='word_1_173' title='bbox 547 2619 653 2681; x_wconf 89' lang='lat' dir='ltr'><strong>neque</strong></span> <span class='ocrx_word' id='word_1_174' title='bbox 672 2599 714 2661; x_wconf 92' lang='lat' dir='ltr'><strong>de</strong></span> <span class='ocrx_word' id='word_1_175' title='bbox 733 2594 906 2659; x_wconf 78' lang='lat' dir='ltr'><strong>manifesta</strong></span> <span class='ocrx_word' id='word_1_176' title='bbox 928 2592 1085 2656; x_wconf 90' lang='lat' dir='ltr'><strong>iniustitia</strong></span> <span class='ocrx_word' id='word_1_177' title='bbox 1107 2591 1205 2656; x_wconf 90' lang='lat' dir='ltr'><strong>liceat</strong></span> <span class='ocrx_word' id='word_1_178' title='bbox 1226 2590 1315 2673; x_wconf 92' lang='lat' dir='ltr'><strong>apud</strong></span> <span class='ocrx_word' id='word_1_179' title='bbox 1338 2611 1414 2654; x_wconf 90' lang='lat' dir='ltr'><strong>eum</strong></span> <span class='ocrx_word' id='word_1_180' title='bbox 1436 2591 1596 2669; x_wconf 90' lang='lat' dir='ltr'><strong>dubitare,</strong></span> <span class='ocrx_word' id='word_1_181' title='bbox 1615 2592 1704 2672; x_wconf 92' lang='lat' dir='ltr'><strong>quod</strong></span> <span class='ocrx_word' id='word_1_182' title='bbox 1724 2591 1881 2673; x_wconf 87' lang='lat' dir='ltr'><strong>Polybius</strong></span> 
     </span>
     <span class='ocr_line' id='line_1_18' title="bbox 486 2702 1881 2790; baseline -0.006 -16"><span class='ocrx_word' id='word_1_183' title='bbox 486 2711 533 2775; x_wconf 88' lang='lat' dir='ltr'><strong>ait</strong></span> <span class='ocrx_word' id='word_1_184' title='bbox 542 2711 563 2774; x_wconf 81' lang='lat'><strong>⁶.</strong></span> <span class='ocrx_word' id='word_1_185' title='bbox 587 2719 619 2773; x_wconf 89' lang='lat' dir='ltr'><strong>et</strong></span> <span class='ocrx_word' id='word_1_186' title='bbox 635 2709 690 2788; x_wconf 90' lang='lat' dir='ltr'><strong>ait,</strong></span> <span class='ocrx_word' id='word_1_187' title='bbox 705 2708 794 2790; x_wconf 92' lang='lat' dir='ltr'><strong>quod</strong></span> <span class='ocrx_word' id='word_1_188' title='bbox 812 2706 916 2769; x_wconf 91' lang='lat' dir='ltr'><strong>Hiero</strong></span> <span class='ocrx_word' id='word_1_189' title='bbox 931 2713 1105 2787; x_wconf 89' lang='lat' dir='ltr'><strong>propterea</strong></span> <span class='ocrx_word' id='word_1_190' title='bbox 1121 2702 1398 2784; x_wconf 86' lang='lat' dir='ltr'><strong>Carthaginenses</strong></span> <span class='ocrx_word' id='word_1_191' title='bbox 1413 2703 1446 2765; x_wconf 88' lang='lat' dir='ltr'><strong>in</strong></span> <span class='ocrx_word' id='word_1_192' title='bbox 1462 2702 1549 2766; x_wconf 91' lang='lat' dir='ltr'><strong>bello</strong></span> <span class='ocrx_word' id='word_1_193' title='bbox 1565 2703 1646 2767; x_wconf 91' lang='lat' dir='ltr'><strong>iuuit</strong></span> <span class='ocrx_word' id='word_1_194' title='bbox 1665 2713 1779 2768; x_wconf 89' lang='lat' dir='ltr'><strong>contra</strong></span> <span class='ocrx_word' id='word_1_195' title='bbox 1798 2725 1881 2767; x_wconf 88' lang='lat' dir='ltr'><strong>rner-</strong></span> 
     </span>
     <span class='ocr_line' id='line_1_19' title="bbox 486 2813 1882 2905; baseline -0.005 -19"><span class='ocrx_word' id='word_1_196' title='bbox 486 2821 640 2898; x_wconf 90' lang='lat' dir='ltr'><strong>eenarios,</strong></span> <span class='ocrx_word' id='word_1_197' title='bbox 652 2841 694 2883; x_wconf 89' lang='lat' dir='ltr'><strong>ne</strong></span> <span class='ocrx_word' id='word_1_198' title='bbox 710 2816 1024 2900; x_wconf 83' lang='lat' dir='ltr'><strong>Carthaginensibus</strong></span> <span class='ocrx_word' id='word_1_199' title='bbox 1039 2814 1203 2905; x_wconf 88' lang='lat' dir='ltr'><strong>oppressis</strong></span> <span class='ocrx_word' id='word_1_200' title='bbox 1218 2813 1361 2877; x_wconf 89' lang='lat' dir='ltr'><strong>Romani</strong></span> <span class='ocrx_word' id='word_1_201' title='bbox 1377 2813 1487 2877; x_wconf 93' lang='lat' dir='ltr'><strong>omnia</strong></span> <span class='ocrx_word' id='word_1_202' title='bbox 1502 2823 1647 2897; x_wconf 88' lang='lat' dir='ltr'><strong>possent.</strong></span> <span class='ocrx_word' id='word_1_203' title='bbox 1694 2814 1750 2880; x_wconf 89' lang='lat' dir='ltr'><strong>Sic</strong></span> <span class='ocrx_word' id='word_1_204' title='bbox 1767 2815 1882 2880; x_wconf 90' lang='lat' dir='ltr'><strong>Liuius</strong></span> 
     </span>
     <span class='ocr_line' id='line_1_20' title="bbox 487 2925 1881 3008; baseline -0.006 -10"><span class='ocrx_word' id='word_1_205' title='bbox 487 2935 530 2998; x_wconf 90' lang='lat' dir='ltr'><strong>de</strong></span> <span class='ocrx_word' id='word_1_206' title='bbox 551 2932 687 2996; x_wconf 91' lang='lat' dir='ltr'><strong>diuersis</strong></span> <span class='ocrx_word' id='word_1_207' title='bbox 709 2929 880 2993; x_wconf 89' lang='lat' dir='ltr'><strong>hominum</strong></span> <span class='ocrx_word' id='word_1_208' title='bbox 905 2928 1022 2991; x_wconf 90' lang='lat' dir='ltr'><strong>studiis</strong></span> <span class='ocrx_word' id='word_1_209' title='bbox 1046 2946 1143 3008; x_wconf 91' lang='lat' dir='ltr'><strong>super</strong></span> <span class='ocrx_word' id='word_1_210' title='bbox 1164 2925 1252 2989; x_wconf 92' lang='lat' dir='ltr'><strong>bello</strong></span> <span class='ocrx_word' id='word_1_211' title='bbox 1275 2926 1502 2989; x_wconf 91' lang='lat' dir='ltr'><strong>Romanorum</strong></span> <span class='ocrx_word' id='word_1_212' title='bbox 1526 2933 1559 2989; x_wconf 87' lang='lat' dir='ltr'><strong>et</strong></span> <span class='ocrx_word' id='word_1_213' title='bbox 1582 2925 1699 3004; x_wconf 91' lang='lat' dir='ltr'><strong>Persei,</strong></span> <span class='ocrx_word' id='word_1_214' title='bbox 1722 2927 1881 3008; x_wconf 91' lang='lat' dir='ltr'><strong>quemad·</strong></span> 
     </span>
     <span class='ocr_line' id='line_1_21' title="bbox 486 3037 1880 3120; baseline -0.006 -11"><span class='ocrx_word' id='word_1_215' title='bbox 486 3046 622 3109; x_wconf 92' lang='lat' dir='ltr'><strong>modum</strong></span> <span class='ocrx_word' id='word_1_216' title='bbox 644 3043 698 3108; x_wconf 89' lang='lat' dir='ltr'><strong>alii</strong></span> <span class='ocrx_word' id='word_1_217' title='bbox 722 3041 805 3120; x_wconf 90' lang='lat' dir='ltr'><strong>huic,</strong></span> <span class='ocrx_word' id='word_1_218' title='bbox 820 3040 874 3103; x_wconf 88' lang='lat' dir='ltr'><strong>alii</strong></span> <span class='ocrx_word' id='word_1_219' title='bbox 898 3040 961 3102; x_wconf 91' lang='lat' dir='ltr'><strong>illis</strong></span> <span class='ocrx_word' id='word_1_220' title='bbox 982 3038 1137 3112; x_wconf 84' lang='lat' dir='ltr'><strong>lauerent,</strong></span> <span class='ocrx_word' id='word_1_221' title='bbox 1157 3037 1253 3100; x_wconf 89' lang='lat' dir='ltr'><strong>tertia</strong></span> <span class='ocrx_word' id='word_1_222' title='bbox 1275 3047 1386 3100; x_wconf 89' lang='lat' dir='ltr'><strong>autem</strong></span> <span class='ocrx_word' id='word_1_223' title='bbox 1405 3040 1499 3118; x_wconf 86' lang='lat' dir='ltr'><strong>‘pars</strong></span> <span class='ocrx_word' id='word_1_224' title='bbox 1518 3037 1646 3120; x_wconf 92' lang='lat' dir='ltr'><strong>optima</strong></span> <span class='ocrx_word' id='word_1_225' title='bbox 1667 3047 1700 3101; x_wconf 92' lang='lat' dir='ltr'><strong>et</strong></span> <span class='ocrx_word' id='word_1_226' title='bbox 1724 3038 1880 3119; x_wconf 91' lang='lat' dir='ltr'><strong>prudent-</strong></span> 
     </span>
     <span class='ocr_line' id='line_1_22' title="bbox 485 3146 1882 3232; baseline -0.004 -14"><span class='ocrx_word' id='word_1_227' title='bbox 485 3153 638 3220; x_wconf 87' lang='lat' dir='ltr'><strong>‘issima’</strong></span> <span class='ocrx_word' id='word_1_228' title='bbox 664 3173 776 3218; x_wconf 90' lang='lat' dir='ltr'><strong>eorum</strong></span> <span class='ocrx_word' id='word_1_229' title='bbox 803 3161 891 3216; x_wconf 89' lang='lat' dir='ltr'><strong>esset</strong></span> <span class='ocrx_word' id='word_1_230' title='bbox 917 3150 972 3232; x_wconf 91' lang='lat' dir='ltr'><strong>qui</strong></span> <span class='ocrx_word' id='word_1_231' title='bbox 1000 3159 1149 3214; x_wconf 88' lang='lat' dir='ltr'><strong>neutram</strong></span> <span class='ocrx_word' id='word_1_232' title='bbox 1174 3157 1302 3231; x_wconf 86' lang='lat' dir='ltr'><strong>partem</strong></span> <span class='ocrx_word' id='word_1_233' title='bbox 1329 3146 1453 3211; x_wconf 90' lang='lat' dir='ltr'><strong>uellent</strong></span> <span class='ocrx_word' id='word_1_234' title='bbox 1479 3147 1547 3210; x_wconf 89' lang='lat' dir='ltr'><strong>fieri</strong></span> <span class='ocrx_word' id='word_1_235' title='bbox 1577 3149 1797 3229; x_wconf 89' lang='lat' dir='ltr'><strong>potentiorem</strong></span> <span class='ocrx_word' id='word_1_236' title='bbox 1821 3169 1882 3232; x_wconf 90' lang='lat' dir='ltr'><strong>op·</strong></span> 
     </span>
     <span class='ocr_line' id='line_1_23' title="bbox 485 3258 1880 3352; baseline -0.006 -20"><span class='ocrx_word' id='word_1_237' title='bbox 485 3287 597 3352; x_wconf 90' lang='lat' dir='ltr'><strong>pressa</strong></span> <span class='ocrx_word' id='word_1_238' title='bbox 623 3265 734 3330; x_wconf 90' lang='lat' dir='ltr'><strong>altera.</strong></span> <span class='ocrx_word' id='word_1_239' title='bbox 772 3263 817 3327; x_wconf 90' lang='lat' dir='ltr'><strong>ita</strong></span> <span class='ocrx_word' id='word_1_240' title='bbox 843 3261 930 3326; x_wconf 91' lang='lat' dir='ltr'><strong>enirn</strong></span> <span class='ocrx_word' id='word_1_241' title='bbox 957 3260 1083 3324; x_wconf 80' lang='lat' dir='ltr'><strong>futuros</strong></span> <span class='ocrx_word' id='word_1_242' title='bbox 1108 3280 1145 3324; x_wconf 91' lang='lat' dir='ltr'><strong>se</strong></span> <span class='ocrx_word' id='word_1_243' title='bbox 1170 3259 1297 3342; x_wconf 90' lang='lat' dir='ltr'><strong>optima</strong></span> <span class='ocrx_word' id='word_1_244' title='bbox 1323 3259 1520 3332; x_wconf 89' lang='lat' dir='ltr'><strong>conditione,</strong></span> <span class='ocrx_word' id='word_1_245' title='bbox 1551 3267 1746 3341; x_wconf 87' lang='lat' dir='ltr'><strong>protegente</strong></span> <span class='ocrx_word' id='word_1_246' title='bbox 1775 3258 1880 3324; x_wconf 89' lang='lat' dir='ltr'><strong>altero</strong></span> 
     </span>
     <span class='ocr_line' id='line_1_24' title="bbox 485 3369 1879 3462; baseline -0.007 -18"><span class='ocrx_word' id='word_1_247' title='bbox 485 3399 615 3462; x_wconf 89' lang='lat' dir='ltr'><strong>semper</strong></span> <span class='ocrx_word' id='word_1_248' title='bbox 636 3377 679 3440; x_wconf 90' lang='lat' dir='ltr'><strong>ab</strong></span> <span class='ocrx_word' id='word_1_249' title='bbox 700 3375 832 3438; x_wconf 86' lang='lat' dir='ltr'><strong>alterius</strong></span> <span class='ocrx_word' id='word_1_250' title='bbox 854 3371 969 3437; x_wconf 89' lang='lat' dir='ltr'><strong>iniuria</strong></span> <span class='ocrx_word' id='word_1_251' title='bbox 978 3371 1000 3436; x_wconf 80' lang='lat'><strong>⁷.</strong></span> <span class='ocrx_word' id='word_1_252' title='bbox 1045 3370 1092 3434; x_wconf 92' lang='lat' dir='ltr'><strong>Et</strong></span> <span class='ocrx_word' id='word_1_253' title='bbox 1108 3370 1190 3434; x_wconf 89' lang='lat' dir='ltr'><strong>haec</strong></span> <span class='ocrx_word' id='word_1_254' title='bbox 1209 3371 1349 3452; x_wconf 88' lang='lat' dir='ltr'><strong>ingenue</strong></span> <span class='ocrx_word' id='word_1_255' title='bbox 1368 3369 1415 3432; x_wconf 92' lang='lat' dir='ltr'><strong>M.</strong></span> <span class='ocrx_word' id='word_1_256' title='bbox 1432 3369 1517 3433; x_wconf 91' lang='lat' dir='ltr'><strong>Cato</strong></span> <span class='ocrx_word' id='word_1_257' title='bbox 1536 3389 1595 3451; x_wconf 91' lang='lat' dir='ltr'><strong>pro</strong></span> <span class='ocrx_word' id='word_1_258' title='bbox 1615 3369 1879 3434; x_wconf 89' lang='lat' dir='ltr'><strong>Rhodiensibus:</strong></span> 
     </span>
     <span class='ocr_line' id='line_1_25' title="bbox 485 3479 1879 3575; baseline -0.008 -20"><span class='ocrx_word' id='word_1_259' title='bbox 485 3481 540 3575; x_wconf 77' lang='lat' dir='ltr'><strong>qui</strong></span> <span class='ocrx_word' id='word_1_260' title='bbox 581 3489 657 3554; x_wconf 92' lang='lat' dir='ltr'><strong>odio</strong></span> <span class='ocrx_word' id='word_1_261' title='bbox 695 3485 865 3558; x_wconf 85' lang='lat' dir='ltr'><strong>Romanis,</strong></span> <span class='ocrx_word' id='word_1_262' title='bbox 899 3482 993 3566; x_wconf 87' lang='lat' dir='ltr'><strong>quasi</strong></span> <span class='ocrx_word' id='word_1_263' title='bbox 1025 3481 1196 3546; x_wconf 89' lang='lat' dir='ltr'><strong>uoluntate</strong></span> <span class='ocrx_word' id='word_1_264' title='bbox 1231 3481 1358 3558; x_wconf 87' lang='lat' dir='ltr'><strong>saltem,</strong></span> <span class='ocrx_word' id='word_1_265' title='bbox 1392 3480 1520 3544; x_wconf 90' lang='lat' dir='ltr'><strong>uotisue</strong></span> <span class='ocrx_word' id='word_1_266' title='bbox 1556 3480 1714 3544; x_wconf 87' lang='lat' dir='ltr'><strong>fauissent</strong></span> <span class='ocrx_word' id='word_1_267' title='bbox 1751 3479 1879 3559; x_wconf 90' lang='lat' dir='ltr'><strong>Perseo,</strong></span> 
     </span>
     <span class='ocr_line' id='line_1_26' title="bbox 485 3590 1879 3682; baseline -0.007 -16"><span class='ocrx_word' id='word_1_268' title='bbox 485 3607 492 3634; x_wconf 93' lang='lat'>‘</span> <span class='ocrx_word' id='word_1_269' title='bbox 509 3601 693 3679; x_wconf 89' lang='lat' dir='ltr'><strong>Noluerint,</strong></span> <span class='ocrx_word' id='word_1_270' title='bbox 709 3619 768 3663; x_wconf 92' lang='lat' dir='ltr'><strong>nos</strong></span> <span class='ocrx_word' id='word_1_271' title='bbox 785 3617 896 3682; x_wconf 90' lang='lat' dir='ltr'><strong>regern</strong></span> <span class='ocrx_word' id='word_1_272' title='bbox 915 3595 1041 3660; x_wconf 88' lang='lat' dir='ltr'><strong>uicisse.</strong></span> <span class='ocrx_word' id='word_1_273' title='bbox 1070 3594 1129 3658; x_wconf 89' lang='lat' dir='ltr'><strong>sed</strong></span> <span class='ocrx_word' id='word_1_274' title='bbox 1149 3604 1182 3657; x_wconf 91' lang='lat' dir='ltr'><strong>et</strong></span> <span class='ocrx_word' id='word_1_275' title='bbox 1201 3593 1295 3656; x_wconf 91' lang='lat' dir='ltr'><strong>multi</strong></span> <span class='ocrx_word' id='word_1_276' title='bbox 1314 3590 1369 3656; x_wconf 90' lang='lat' dir='ltr'><strong>alii</strong></span> <span class='ocrx_word' id='word_1_277' title='bbox 1388 3591 1510 3674; x_wconf 92' lang='lat' dir='ltr'><strong>populi,</strong></span> <span class='ocrx_word' id='word_1_278' title='bbox 1526 3601 1559 3655; x_wconf 93' lang='lat' dir='ltr'><strong>et</strong></span> <span class='ocrx_word' id='word_1_279' title='bbox 1578 3591 1702 3656; x_wconf 88' lang='lat' dir='ltr'><strong>multae</strong></span> <span class='ocrx_word' id='word_1_280' title='bbox 1720 3592 1879 3656; x_wconf 89' lang='lat' dir='ltr'><strong>nationes.</strong></span> 
     </span>
     <span class='ocr_line' id='line_1_27' title="bbox 485 3704 1879 3796; baseline -0.008 -19"><span class='ocrx_word' id='word_1_281' title='bbox 485 3718 609 3796; x_wconf 88' lang='lat' dir='ltr'><strong>‘atque</strong></span> <span class='ocrx_word' id='word_1_282' title='bbox 638 3713 758 3795; x_wconf 89' lang='lat' dir='ltr'><strong>partim</strong></span> <span class='ocrx_word' id='word_1_283' title='bbox 789 3730 854 3773; x_wconf 95' lang='lat' dir='ltr'><strong>non</strong></span> <span class='ocrx_word' id='word_1_284' title='bbox 871 3717 1002 3772; x_wconf 89' lang='lat' dir='ltr'><strong>nostrae</strong></span> <span class='ocrx_word' id='word_1_285' title='bbox 1031 3704 1251 3770; x_wconf 89' lang='lat' dir='ltr'><strong>contumeliae</strong></span> <span class='ocrx_word' id='word_1_286' title='bbox 1281 3723 1404 3780; x_wconf 90' lang='lat' dir='ltr'><strong>caussa,</strong></span> <span class='ocrx_word' id='word_1_287' title='bbox 1429 3705 1487 3767; x_wconf 91' lang='lat' dir='ltr'><strong>sed</strong></span> <span class='ocrx_word' id='word_1_288' title='bbox 1514 3705 1603 3785; x_wconf 92' lang='lat' dir='ltr'><strong>quod</strong></span> <span class='ocrx_word' id='word_1_289' title='bbox 1634 3713 1825 3782; x_wconf 87' lang='lat' dir='ltr'><strong>metuerent,</strong></span> <span class='ocrx_word' id='word_1_290' title='bbox 1852 3705 1879 3766; x_wconf 91' lang='lat' dir='ltr'><strong>si</strong></span> 
     </span>
     <span class='ocr_line' id='line_1_28' title="bbox 486 3814 1879 3902; baseline -0.006 -16"><span class='ocrx_word' id='word_1_291' title='bbox 486 3829 607 3886; x_wconf 90' lang='lat' dir='ltr'><strong>‘nemo</strong></span> <span class='ocrx_word' id='word_1_292' title='bbox 622 3830 708 3886; x_wconf 89' lang='lat' dir='ltr'><strong>esset</strong></span> <span class='ocrx_word' id='word_1_293' title='bbox 726 3822 826 3886; x_wconf 90' lang='lat' dir='ltr'><strong>homo</strong></span> <span class='ocrx_word' id='word_1_294' title='bbox 849 3841 947 3902; x_wconf 91' lang='lat' dir='ltr'><strong>quern</strong></span> <span class='ocrx_word' id='word_1_295' title='bbox 969 3836 1162 3894; x_wconf 88' lang='lat' dir='ltr'><strong>uereremur,</strong></span> <span class='ocrx_word' id='word_1_296' title='bbox 1178 3816 1332 3897; x_wconf 90' lang='lat' dir='ltr'><strong>quicquid</strong></span> <span class='ocrx_word' id='word_1_297' title='bbox 1350 3814 1465 3878; x_wconf 89' lang='lat' dir='ltr'><strong>liberet</strong></span> <span class='ocrx_word' id='word_1_298' title='bbox 1480 3814 1670 3879; x_wconf 83' lang='lat' dir='ltr'><strong>faceremus.</strong></span> <span class='ocrx_word' id='word_1_299' title='bbox 1716 3817 1762 3879; x_wconf 90' lang='lat' dir='ltr'><strong>Et</strong></span> <span class='ocrx_word' id='word_1_300' title='bbox 1781 3835 1879 3878; x_wconf 90' lang='lat' dir='ltr'><strong>unus-</strong></span> 
     </span>
     <span class='ocr_line' id='line_1_29' title="bbox 485 3925 1880 4015; baseline -0.003 -20"><span class='ocrx_word' id='word_1_301' title='bbox 485 3933 646 4015; x_wconf 90' lang='lat' dir='ltr'><strong>‘quisque</strong></span> <span class='ocrx_word' id='word_1_302' title='bbox 669 3942 825 4009; x_wconf 91' lang='lat' dir='ltr'><strong>nostrum,</strong></span> <span class='ocrx_word' id='word_1_303' title='bbox 843 3931 870 3994; x_wconf 92' lang='lat' dir='ltr'><strong>si</strong></span> <span class='ocrx_word' id='word_1_304' title='bbox 888 3931 962 4012; x_wconf 90' lang='lat' dir='ltr'><strong>quis</strong></span> <span class='ocrx_word' id='word_1_305' title='bbox 979 3931 1136 3994; x_wconf 90' lang='lat' dir='ltr'><strong>aduersus</strong></span> <span class='ocrx_word' id='word_1_306' title='bbox 1155 3947 1223 3990; x_wconf 90' lang='lat' dir='ltr'><strong>rern</strong></span> <span class='ocrx_word' id='word_1_307' title='bbox 1241 3947 1335 3991; x_wconf 90' lang='lat' dir='ltr'><strong>suam</strong></span> <span class='ocrx_word' id='word_1_308' title='bbox 1354 3925 1433 4008; x_wconf 90' lang='lat' dir='ltr'><strong>quid</strong></span> <span class='ocrx_word' id='word_1_309' title='bbox 1457 3926 1524 3990; x_wconf 88' lang='lat' dir='ltr'><strong>fieri</strong></span> <span class='ocrx_word' id='word_1_310' title='bbox 1547 3925 1731 4007; x_wconf 89' lang='lat' dir='ltr'><strong>arbitratur,</strong></span> <span class='ocrx_word' id='word_1_311' title='bbox 1748 3947 1880 3991; x_wconf 90' lang='lat' dir='ltr'><strong>summa</strong></span> 
     </span>
     <span class='ocr_line' id='line_1_30' title="bbox 485 4035 1880 4122; baseline -0.002 -15"><span class='ocrx_word' id='word_1_312' title='bbox 485 4045 607 4107; x_wconf 84' lang='lat' dir='ltr'><strong>‘etiarn</strong></span> <span class='ocrx_word' id='word_1_313' title='bbox 631 4043 664 4105; x_wconf 91' lang='lat' dir='ltr'><strong>ui</strong></span> <span class='ocrx_word' id='word_1_314' title='bbox 689 4051 802 4106; x_wconf 89' lang='lat' dir='ltr'><strong>contra</strong></span> <span class='ocrx_word' id='word_1_315' title='bbox 827 4041 949 4119; x_wconf 89' lang='lat' dir='ltr'><strong>nititur,</strong></span> <span class='ocrx_word' id='word_1_316' title='bbox 974 4061 1016 4104; x_wconf 90' lang='lat' dir='ltr'><strong>ne</strong></span> <span class='ocrx_word' id='word_1_317' title='bbox 1039 4040 1196 4104; x_wconf 88' lang='lat' dir='ltr'><strong>aduersus</strong></span> <span class='ocrx_word' id='word_1_318' title='bbox 1223 4059 1295 4102; x_wconf 92' lang='lat' dir='ltr'><strong>earn</strong></span> <span class='ocrx_word' id='word_1_319' title='bbox 1318 4035 1418 4102; x_wconf 83' lang='lat' dir='ltr'><strong>fiat⁸.&#39;</strong></span> <span class='ocrx_word' id='word_1_320' title='bbox 1474 4040 1513 4103; x_wconf 94' lang='lat' dir='ltr'><strong>Id</strong></span> <span class='ocrx_word' id='word_1_321' title='bbox 1540 4035 1629 4122; x_wconf 84' lang='lat' dir='ltr'><strong>apud</strong></span> <span class='ocrx_word' id='word_1_322' title='bbox 1656 4039 1807 4104; x_wconf 89' lang='lat' dir='ltr'><strong>Rhodios</strong></span> <span class='ocrx_word' id='word_1_323' title='bbox 1832 4041 1880 4104; x_wconf 91' lang='lat' dir='ltr'><strong>sic</strong></span> 
     </span>
     <span class='ocr_line' id='line_1_31' title="bbox 485 4149 1876 4234; baseline -0.003 -16"><span class='ocrx_word' id='word_1_324' title='bbox 485 4155 682 4218; x_wconf 85' lang='lat' dir='ltr'><strong>disseruerat</strong></span> <span class='ocrx_word' id='word_1_325' title='bbox 705 4152 833 4234; x_wconf 87' lang='lat' dir='ltr'><strong>legatus</strong></span> <span class='ocrx_word' id='word_1_326' title='bbox 855 4150 973 4229; x_wconf 88' lang='lat' dir='ltr'><strong>Persei,</strong></span> <span class='ocrx_word' id='word_1_327' title='bbox 991 4151 1167 4234; x_wconf 90' lang='lat' dir='ltr'><strong>agendum,</strong></span> <span class='ocrx_word' id='word_1_328' title='bbox 1185 4169 1226 4213; x_wconf 88' lang='lat' dir='ltr'><strong>ne</strong></span> <span class='ocrx_word' id='word_1_329' title='bbox 1245 4149 1393 4212; x_wconf 90' lang='lat' dir='ltr'><strong>omnium</strong></span> <span class='ocrx_word' id='word_1_330' title='bbox 1417 4169 1523 4214; x_wconf 88' lang='lat' dir='ltr'><strong>rerum</strong></span> <span class='ocrx_word' id='word_1_331' title='bbox 1546 4151 1596 4214; x_wconf 91' lang='lat' dir='ltr'><strong>ius</strong></span> <span class='ocrx_word' id='word_1_332' title='bbox 1613 4171 1652 4214; x_wconf 90' lang='lat' dir='ltr'><strong>ac</strong></span> <span class='ocrx_word' id='word_1_333' title='bbox 1670 4160 1819 4234; x_wconf 89' lang='lat' dir='ltr'><strong>potestas</strong></span> <span class='ocrx_word' id='word_1_334' title='bbox 1834 4152 1876 4214; x_wconf 88' lang='lat' dir='ltr'><strong>ad</strong></span> 
     </span>
    </p>
   </div>
   <div class='ocr_carea' id='block_1_3' title="bbox 484 4357 1879 4635">
    <p class='ocr_par' dir='ltr' id='par_1_3' title="bbox 484 4357 1879 4635">
     <span class='ocr_line' id='line_1_32' title="bbox 484 4357 1879 4477; baseline -0.006 -13"><span class='ocrx_word' id='word_1_335' title='bbox 484 4411 493 4442; x_wconf 86' lang='lat'>²</span> <span class='ocrx_word' id='word_1_336' title='bbox 510 4412 575 4464; x_wconf 76' lang='lat' dir='ltr'><strong>Plut</strong></span> <span class='ocrx_word' id='word_1_337' title='bbox 586 4411 674 4477; x_wconf 87' lang='lat' dir='ltr'><strong>Pomp.</strong></span> <span class='ocrx_word' id='word_1_338' title='bbox 756 4409 766 4438; x_wconf 84' lang='lat'><strong>¹</strong></span> <span class='ocrx_word' id='word_1_339' title='bbox 783 4357 1088 4472; x_wconf 58' lang='lat' dir='ltr'><strong>Bal.2.dons.195.202.</strong></span> <span class='ocrx_word' id='word_1_340' title='bbox 1165 4407 1268 4474; x_wconf 74' lang='lat' dir='ltr'><strong>’Apul</strong></span> <span class='ocrx_word' id='word_1_341' title='bbox 1279 4409 1310 4458; x_wconf 84' lang='lat' dir='ltr'><strong>de</strong></span> <span class='ocrx_word' id='word_1_342' title='bbox 1322 4407 1392 4458; x_wconf 80' lang='lat' dir='ltr'><strong>Mun.</strong></span> <span class='ocrx_word' id='word_1_343' title='bbox 1468 4407 1477 4437; x_wconf 84' lang='lat'>¹</span> <span class='ocrx_word' id='word_1_344' title='bbox 1494 4405 1567 4458; x_wconf 86' lang='lat' dir='ltr'><strong>Polit.</strong></span> <span class='ocrx_word' id='word_1_345' title='bbox 1582 4422 1605 4469; x_wconf 84' lang='lat'><strong>4.</strong></span> <span class='ocrx_word' id='word_1_346' title='bbox 1617 4423 1657 4472; x_wconf 85' lang='lat' dir='ltr'><strong>ep.</strong></span> <span class='ocrx_word' id='word_1_347' title='bbox 1671 4422 1697 4464; x_wconf 79' lang='lat' dir='ltr'><strong>r:</strong></span> <span class='ocrx_word' id='word_1_348' title='bbox 1716 4409 1788 4460; x_wconf 83' lang='lat' dir='ltr'><strong>Guie.</strong></span> <span class='ocrx_word' id='word_1_349' title='bbox 1799 4409 1843 4461; x_wconf 90' lang='lat' dir='ltr'><strong>lib.</strong></span> <span class='ocrx_word' id='word_1_350' title='bbox 1858 4425 1879 4460; x_wconf 88' lang='lat'><strong>1.</strong></span> 
     </span>
     <span class='ocr_line' id='line_1_33' title="bbox 656 4487 1704 4556; baseline -0.002 -14"><span class='ocrx_word' id='word_1_351' title='bbox 656 4493 667 4524; x_wconf 80' lang='lat'>⁸</span> <span class='ocrx_word' id='word_1_352' title='bbox 684 4493 745 4543; x_wconf 84' lang='lat' dir='ltr'><strong>Aus.</strong></span> <span class='ocrx_word' id='word_1_353' title='bbox 759 4506 780 4542; x_wconf 87' lang='lat'><strong>1.</strong></span> <span class='ocrx_word' id='word_1_354' title='bbox 792 4491 879 4556; x_wconf 85' lang='lat' dir='ltr'><strong>Eclog.</strong></span> <span class='ocrx_word' id='word_1_355' title='bbox 890 4490 908 4542; x_wconf 89' lang='lat'><strong>1.</strong></span> <span class='ocrx_word' id='word_1_356' title='bbox 923 4504 961 4556; x_wconf 84' lang='lat'><strong>15.</strong></span> <span class='ocrx_word' id='word_1_357' title='bbox 1090 4489 1100 4519; x_wconf 79' lang='lat'><strong>⁰</strong></span> <span class='ocrx_word' id='word_1_358' title='bbox 1117 4489 1205 4554; x_wconf 86' lang='lat' dir='ltr'><strong>Polyb.</strong></span> <span class='ocrx_word' id='word_1_359' title='bbox 1217 4490 1260 4541; x_wconf 91' lang='lat' dir='ltr'><strong>lib.</strong></span> <span class='ocrx_word' id='word_1_360' title='bbox 1275 4503 1298 4541; x_wconf 83' lang='lat' dir='ltr'><strong>a.</strong></span> <span class='ocrx_word' id='word_1_361' title='bbox 1428 4487 1439 4519; x_wconf 60' lang='grc' dir='ltr'>ἵ</span> <span class='ocrx_word' id='word_1_362' title='bbox 1456 4488 1511 4540; x_wconf 89' lang='lat' dir='ltr'><strong>Liu.</strong></span> <span class='ocrx_word' id='word_1_363' title='bbox 1523 4488 1568 4539; x_wconf 91' lang='lat' dir='ltr'><strong>lib.</strong></span> <span class='ocrx_word' id='word_1_364' title='bbox 1579 4502 1620 4552; x_wconf 81' lang='lat'><strong>42.</strong></span> <span class='ocrx_word' id='word_1_365' title='bbox 1632 4504 1651 4539; x_wconf 73' lang='lat' dir='ltr'><strong>c.</strong></span> <span class='ocrx_word' id='word_1_366' title='bbox 1665 4503 1704 4553; x_wconf 75' lang='lat'><strong>30.</strong></span> 
     </span>
     <span class='ocr_line' id='line_1_34' title="bbox 1051 4570 1304 4635; baseline 0.004 -14"><span class='ocrx_word' id='word_1_367' title='bbox 1051 4573 1061 4602; x_wconf 81' lang='lat'><strong>⁸</strong></span> <span class='ocrx_word' id='word_1_368' title='bbox 1078 4571 1144 4622; x_wconf 91' lang='lat' dir='ltr'><strong>Gell.</strong></span> <span class='ocrx_word' id='word_1_369' title='bbox 1156 4570 1198 4622; x_wconf 87' lang='lat' dir='ltr'><strong>lib.</strong></span> <span class='ocrx_word' id='word_1_370' title='bbox 1213 4582 1234 4635; x_wconf 78' lang='lat'><strong>7.</strong></span> <span class='ocrx_word' id='word_1_371' title='bbox 1247 4587 1268 4622; x_wconf 89' lang='lat' dir='ltr'><strong>c.</strong></span> <span class='ocrx_word' id='word_1_372' title='bbox 1282 4586 1304 4635; x_wconf 78' lang='lat'><strong>3.</strong></span> 
     </span>
    </p>
   </div>
   <div class='ocr_carea' id='block_1_4' title="bbox 0 0 2306 5562">
    <p class='ocr_par' dir='ltr' id='par_1_4' title="bbox 0 0 2306 5562">
     <span class='ocr_line' id='line_1_35' title="bbox 0 0 2306 5562; baseline 0 2"><span class='ocrx_word' id='word_1_373' title='bbox 0 0 2306 5562; x_wconf 95' lang='lat' dir='ltr'><strong> </strong></span> 
     </span>
    </p>
   </div>
  </div>
 </body>
</html>
