4604 5562
738 733 798 784 aa·
825 733 929 786 rura
956 733 1089 802 sarar,
1119 734 1199 790 tra,
1221 735 1245 802 r,
1278 735 1365 792 cnr.
1389 735 1454 792 xx
1754 723 1797 803 65

378 965 589 1028 ‘uniuersos
613 967 695 1030 tueri
720 967 835 1031 nolit:’
857 969 969 1034 scribit
996 969 1123 1034 Cicero
1170 971 1216 1035 Et
1239 970 1447 1046 Ambrosius,
1472 969 1566 1034 ‘Lex
1592 977 1728 1032 naturae
1753 967 1798 1032 ad

400 1078 552 1140 ‘omnem
571 1097 632 1140 nos
650 1079 779 1162 stringit
798 1079 999 1160 charitatem,
1017 1092 1053 1146 ut
1071 1082 1274 1160 alteralteri,
1293 1093 1464 1165 tamquam
1484 1082 1579 1145 unius
1598 1089 1708 1163 partes
1726 1099 1798 1144 cor-

400 1188 506 1270 ‘poris
525 1188 753 1252 deseramus1.’
797 1191 843 1256 Et
866 1191 912 1256 ita
934 1195 1035 1256 etiam
1060 1193 1192 1272 Baldus,
1210 1196 1299 1276 quod
1324 1195 1452 1272 nostris,
1472 1193 1706 1274 extraneisque
1728 1191 1797 1254 nati

399 1319 509 1363 sumus
527 1310 662 1383 propter
679 1302 846 1366 uinculum
865 1303 1065 1369 charitatis².
1119 1305 1204 1388 ‘Qui
1223 1306 1343 1369 ciuium
1363 1306 1522 1369 rationem
1542 1304 1655 1368 dicunt
1673 1300 1798 1366 haben-

400 1413 506 1490 ‘dam‚
529 1423 741 1477 externorum
765 1426 895 1496 negant,
919 1416 1076 1481 dirimunt
1099 1417 1133 1480 hi
1156 1417 1430 1496 communionem,
1454 1425 1487 1480 et
1508 1415 1637 1498 generis
1661 1413 1797 1477 humani

399 1522 645 1589 ‘societatem:'
676 1526 776 1590 etiam
801 1525 925 1591 Cicero.
972 1527 1072 1610 Quod
1096 1537 1129 1591 et
1152 1529 1271 1607 retulit,
1294 1539 1328 1594 et
1349 1528 1546 1612 approbauit
1569 1526 1763 1591 Lactantius
1773 1523 1796 1584 ³.

400 1634 443 1698 Et
457 1636 545 1699 idem
564 1635 686 1715 Cicero,
702 1635 848 1719 ‘Spurca
863 1657 976 1701 eorum
992 1640 1164 1718 sententia,
1178 1641 1235 1722 qui
1251 1641 1293 1703 ad
1309 1661 1345 1703 se
1360 1640 1471 1704 omnia
1488 1638 1630 1703 referunt
1639 1635 1670 1702 ‘.’
1708 1635 1798 1701 Sane

399 1766 521 1828 spurca.
566 1748 656 1811 Nam
683 1749 829 1812 societati
855 1749 957 1812 homo
984 1760 1080 1814 natus
1089 1750 1111 1814 ⁵.
1157 1751 1203 1815 Et
1227 1753 1295 1815 eius
1318 1752 1461 1815 officium
1485 1751 1596 1816 iuuare
1618 1749 1708 1825 alios,
1730 1767 1797 1810 non

398 1857 457 1920 sibi
483 1857 545 1922 soli
572 1859 683 1922 uiuere
693 1859 714 1923 ⁶.
767 1859 883 1942 Atque
909 1861 1042 1924 nomine
1068 1861 1131 1926 hoc
1158 1861 1374 1945 philosophos
1400 1861 1644 1926 condemnabat
1671 1857 1796 1936 Cicero,

399 1971 486 2052 quod
505 1971 584 2033 dum
607 1971 712 2034 altero
735 1970 910 2035 iniustitiae
932 1991 1053 2054 genere
1073 1982 1237 2050 uacarent,
1255 1984 1356 2055 atque
1381 1973 1564 2036 maximam
1587 1971 1722 2053 quidem
1745 1964 1797 2054 (ut

398 2081 479 2144 alius
500 2081 611 2146 scribit
634 2082 682 2145 uir
702 2080 879 2169 sanctior⁷)
895 2094 1023 2165 partem
1046 2085 1220 2166 aequitatis
1243 2084 1426 2167 implerant,
1445 2103 1486 2147 ne
1509 2084 1560 2147 cui
1583 2089 1746 2158 nocerent,
1763 2079 1797 2142 in

398 2193 535 2256 alterum
558 2195 764 2273 incurrerent,
783 2195 872 2276 quod
896 2195 1083 2260 desererent
1106 2196 1194 2260 uitae
1216 2196 1418 2260 societatem.
1445 2196 1634 2259 desererent
1654 2192 1797 2256 iustitiae

398 2314 524 2386 partem
547 2304 696 2382 alteram,
712 2307 868 2388 prodesse
891 2326 966 2370 cum
990 2307 1106 2389 possis.
1151 2307 1291 2370 ‘Nonne
1314 2308 1415 2385 uides,
1430 2327 1568 2390 operum
1590 2305 1648 2388 qui
1670 2324 1705 2368 se
1723 2301 1796 2385 pul-

399 2416 599 2481 ‘cherrimus
618 2417 688 2499 ipse
706 2418 850 2480 mundus
864 2438 984 2481 amore
1007 2416 1146 2500 ligat⁸?'
1193 2419 1268 2482 Iure
1289 2419 1428 2483 naturali
1447 2429 1598 2482 tenemur
1616 2413 1675 2501 (sic
1697 2415 1797 2478 inter·

322 2511 327 2524 ²
400 2538 505 2609 pretes
531 2526 622 2614 iuris)
650 2528 745 2607 ultr0,
769 2530 916 2612 citroque
942 2530 1109 2593 commodi
1136 2551 1207 2594 esse
1217 2531 1237 2596 ⁹.
1282 2530 1328 2594 Et
1350 2532 1450 2594 iidem
1476 2530 1618 2607 tradunt,
1640 2527 1797 2610 aequipa-

398 2649 501 2702 ratam
528 2639 753 2703 defensionem
782 2661 981 2722 suorumque
1007 2650 1040 2704 et
1070 2650 1311 2719 extraneorum,
1334 2643 1482 2705 maxime
1508 2661 1585 2704 uero
1611 2640 1795 2710 sociorum:

398 2769 417 2813 a
447 2751 565 2832 quibus
599 2751 821 2833 propulsanda
856 2751 971 2814 iniuria
1001 2761 1060 2816 est.
1098 2762 1131 2816 et
1172 2753 1396 2816 defensionem
1432 2754 1528 2816 istam
1559 2751 1661 2816 diuini
1694 2759 1796 2832 atque

398 2859 531 2925 humani
552 2864 629 2927 iuris
644 2884 715 2927 esse
725 2861 759 2928 ¹⁰.
804 2863 850 2926 Et
872 2863 967 2926 Plato
990 2863 1193 2945 puniendum
1217 2876 1328 2930 censet
1351 2885 1436 2945 eum,
1451 2866 1507 2948 qui
1526 2866 1594 2928 uim
1612 2863 1705 2927 alteri
1726 2861 1796 2926 illa-

400 2981 466 3036 tam
485 2993 551 3038 non
569 2974 740 3057 propulsat
749 2969 781 3039 ¹¹.
827 2974 928 3058 Quod
943 2986 1054 3039 autem
1071 2975 1175 3055 Plato,
1191 2985 1224 3040 et
1242 2977 1288 3040 iili
1305 2979 1499 3061 interpretes
1514 2979 1547 3040 in
1566 2977 1702 3060 priuatis
1717 2976 1795 3039 ciui-

399 3083 459 3147 bus
477 3086 577 3162 aiunt,
594 3086 628 3150 id
650 3107 711 3150 nos
730 3086 772 3149 ad
794 3087 958 3168 principes
980 3087 1188 3169 populosque
1206 3088 1357 3152 ducimus
1384 3090 1496 3171 probe.
1527 3089 1682 3170 quoniam
1709 3107 1795 3169 quae

399 3195 479 3260 ratio
498 3197 616 3279 priuati
636 3197 716 3262 ciuis
736 3198 769 3260 in
791 3199 920 3280 priuata
939 3199 1073 3262 ciuitate
1091 3208 1150 3272 est,
1168 3201 1284 3264 eadem
1303 3201 1336 3263 in
1355 3200 1488 3282 publica
1511 3210 1544 3265 et
1563 3203 1715 3263 uniuersa
1732 3196 1795 3260 hac

399 3307 484 3370 orbis
503 3309 636 3372 ciuitate
656 3309 778 3392 publici
796 3309 885 3386 ciuis,
902 3310 965 3374 hoc
984 3319 1035 3373 est
1056 3309 1219 3393 principis,
1236 3321 1268 3374 et
1287 3311 1402 3394 populi
1423 3305 1577 3394 prindipis
1596 3318 1655 3374 est.
1701 3295 1795 3374 Sicut

399 3417 550 3483 sehabet
569 3419 716 3500 priuatus
730 3421 773 3484 ad
790 3420 965 3503 priuatum,
983 3421 1029 3485 ita
1043 3421 1195 3505 princeps
1213 3422 1256 3485 ad
1276 3423 1475 3504 principem:
1498 3421 1605 3504 inquit
1625 3419 1794 3485 Baldusffl.

400 3529 533 3594 ‘Homo
551 3530 676 3594 homini
695 3530 728 3594 in
747 3533 871 3596 maiore
889 3533 1024 3597 ciuitate
1042 3532 1123 3596 ciuis
1142 3541 1211 3596 est:
1235 3541 1269 3596 et
1287 3533 1319 3600 in
1338 3534 1537 3596 adiutorium
1557 3541 1707 3596 mutuum
1726 3552 1796 3595 cre·

400 3644 493 3706 ‘atus
504 3641 527 3707 :’
542 3643 589 3708 ait
604 3642 733 3707 Seneca
741 3640 777 3704 ¹³.
822 3642 939 3726 Atque
954 3645 1031 3726 quia
1047 3664 1148 3706 unum
1164 3664 1278 3708 sumus
1293 3665 1419 3727 corpus,
1434 3645 1461 3707 si
1478 3643 1662 3708 membrum
1678 3662 1796 3708 nocere

401 3752 547 3817 membro
570 3753 658 3832 uelit,
682 3764 718 3818 ut
741 3754 804 3819 alia
827 3755 1023 3819 adiuuarent
1046 3754 1182 3833 laesum,
1205 3757 1361 3837 quoniam
1389 3739 1517 3837 singula
1540 3756 1671 3834 seruari,
1694 3756 1795 3819 totius

400 3861 540 3942 interest,
559 3867 660 3929 etiam
678 3859 859 3931 laedentis':
890 3867 936 3931 ita
955 3866 1106 3930 homines
1123 3865 1313 3930 hominibus
1331 3869 1470 3932 aderunt
1489 3866 1622 3946 auxilio,
1641 3886 1718 3931 nam
1737 3869 1796 3932 ad-

401 3977 517 4039 seruari
554 3977 704 4053 societas
735 3979 796 4041 nisi
826 3998 938 4042 amore
965 3989 999 4042 et
1025 3980 1175 4042 custodia
1205 3980 1349 4061 partium
1380 3980 1503 4062 nequit.
1559 3979 1794 4063 Uespasianus,
1870 3991 1875 4002 ’

431 4267 748 4403 chmbKti'deom'
797 4273 1318 4405 'Aut'zalic.deppi.po.(11.74).
1458 4276 1730 4409 ‘Eiiaqtolnqtd

478 4367 647 4403 rc...2.
895 4370 1299 4414 ...;.1o.1r.
1537 4396 1579 4408 ..
1645 4396 1651 4407 .
1721 4397 1762 4410 ..

521 4363 534 4464 ζ
553 4435 624 4484 Hier.
636 4453 675 4502 ep.
690 4451 727 4501 14.
850 4371 884 4468 ni
902 4367 1273 4504 cllaui‚4ic90ns.si10n.i84i
1415 4441 1425 4470 ⁹
1441 4367 1664 4504 Romiconsiiaio.
1683 4367 1719 4409 ⁸¹¹
1739 4377 1754 4424 ⁴

558 4516 577 4548 ¹⁰
594 4517 656 4569 Dec.
669 4534 736 4569 cons.
749 4518 798 4584 469
810 4527 877 4578 not.;
895 4521 911 4570 l.
925 4536 947 4584 3.
959 4521 976 4572 1.
990 4537 1013 4586 5.
1026 4521 1058 4571 de
1069 4521 1125 4571 iust.
1139 4521 1184 4585 (D.
1198 4535 1219 4570 1.
1234 4524 1268 4584 1).
1395 4522 1411 4551 ¹¹
1429 4523 1483 4571 Pla.
1495 4539 1518 4588 9.
1530 4524 1561 4572 de
1574 4525 1632 4588 Leg.
1649 4545 1652 4548 ·

723 4599 742 4634 ¹²
758 4601 997 4669 Bal.2.cons.195.
1206 4603 1225 4632 ¹³
1241 4603 1297 4654 Sen.
1311 4619 1332 4654 1.
1344 4604 1375 4654 de
1387 4606 1432 4654 Ira.
1445 4619 1468 4667 5.

1590 4781 1793 4794 —
