4456 5566
492 732 510 780 2
976 723 1178 778 ALBERICI
1207 721 1409 778 GENTILIS

490 969 663 1032 hominum
674 968 827 1033 uniuersi.
865 966 1064 1032 Aristoteles
1075 978 1110 1033 et
1122 968 1202 1033 illud
1218 969 1339 1046 scribit,
1353 990 1419 1034 non
1435 970 1479 1034 de
1494 970 1653 1034 iniustitia
1669 989 1783 1033 eorum
1798 969 1892 1034 labo·

490 1100 562 1144 rare
581 1079 764 1159 Politicum,
780 1081 836 1163 qui
856 1088 932 1144 sunt
948 1088 1045 1143 extra
1061 1081 1240 1146 ciuitatem.
1286 1079 1331 1145 Et
1347 1091 1468 1146 tractat
1483 1081 1619 1146 bellicus
1634 1082 1677 1146 de
1692 1080 1754 1145 hoc
1771 1089 1893 1158 tamen,

490 1194 571 1257 dum
591 1192 731 1257 aliorum
755 1203 851 1257 extra
871 1193 1040 1257 ciuitatem
1064 1194 1163 1258 docet
1186 1193 1423 1273 defensionem,
1443 1196 1545 1260 etiam
1569 1203 1602 1259 et
1625 1194 1694 1258 eius
1715 1195 1892 1258 iniustitiae

489 1312 757 1376 uindicationem.
812 1311 908 1376 Plato
938 1332 1018 1376 sane
1047 1313 1104 1388 ait,
1128 1321 1256 1395 partem
1284 1311 1388 1377 ciuilis
1411 1315 1491 1377 artis
1518 1333 1590 1377 esse
1616 1334 1685 1376 rem
1710 1313 1892 1390 militarem,

490 1433 523 1489 et
546 1423 624 1488 belli
649 1425 784 1507 gerendi
810 1425 991 1488 rationem:
1023 1433 1125 1506 atque
1150 1425 1193 1488 de
1223 1425 1279 1488 illa
1306 1425 1555 1490 tractandorum
1581 1445 1747 1489 armorum
1774 1424 1891 1507 peritia

488 1537 642 1621 intelligit
652 1537 673 1604 ¹.
718 1538 786 1604 Sed
814 1547 847 1602 et
873 1535 1072 1602 Aristoteles
1098 1538 1187 1602 idem
1217 1537 1280 1602 hoc
1310 1537 1500 1602 adfinnat²z
1536 1547 1569 1602 et
1596 1539 1802 1602 uerissimum
1832 1557 1892 1601 nos

488 1649 676 1732 accipimus.
723 1649 909 1727 Caeterum,
932 1651 1021 1732 quod
1044 1649 1192 1728 dicimus,
1214 1649 1277 1714 hoc
1300 1658 1358 1728 est,
1382 1670 1448 1714 non
1470 1650 1513 1714 de
1535 1650 1660 1714 bellicis
1682 1650 1810 1732 iegibus
1833 1669 1892 1712 ex-

487 1763 635 1844 posuisse
665 1761 739 1826 illos
766 1761 993 1845 Philosophos,
1019 1762 1120 1826 etiam
1146 1782 1253 1844 neque
1279 1764 1322 1825 de
1347 1761 1472 1826 bellicis
1506 1763 1805 1842 exercitationibus,
1830 1763 1890 1826 nisi

488 1893 548 1955 pro
566 1874 702 1937 ciuitate
720 1893 885 1955 quemque
904 1893 972 1937 sua.
1003 1893 1071 1936 rem
1089 1894 1168 1937 uero
1188 1873 1372 1952 militarem,
1388 1883 1421 1938 et
1440 1875 1509 1938 iura
1524 1873 1641 1939 bellica
1661 1895 1721 1939 nec
1740 1874 1890 1939 concludi

488 1984 574 2049 intra
590 1985 752 2050 ambitum
768 1985 950 2062 ciuitatum,
965 1984 1113 2066 quinimo
1129 1995 1279 2067 spectare
1294 1984 1379 2049 foras
1394 1986 1539 2064 omnin0,
1555 1994 1588 2049 et
1604 1987 1647 2050 ad
1663 1995 1828 2051 externos.

533 2097 734 2162 Iustinianus
750 2117 883 2180 quoque
898 2107 1017 2174 noster,
1032 2098 1089 2179 qui
1112 2097 1200 2180 leges
1220 2097 1297 2162 tulit
1319 2098 1395 2176 suis,
1410 2099 1480 2181 pari
1503 2097 1630 2162 ratione
1653 2119 1801 2181 egressus
1823 2117 1889 2162 non

487 2218 539 2274 est
555 2209 800 2291 rempublicam,
811 2229 910 2292 quam
924 2209 1052 2292 legibus
1065 2209 1127 2272 illis
1142 2208 1247 2273 uoluit
1262 2211 1432 2274 adornare.
1464 2210 1509 2274 Et
1520 2228 1723 2292 quamquam
1741 2212 1783 2275 de
1795 2221 1890 2274 natu-

488 2341 552 2398 rae,
567 2341 606 2386 ac
625 2320 783 2385 Gentium
805 2321 874 2384 iure
896 2321 1056 2398 disseruit,
1075 2330 1113 2383 ut
1136 2321 1328 2404 Philosophi
1351 2343 1484 2405 quoque
1506 2321 1661 2400 iecerunt,
1677 2331 1710 2386 et
1729 2324 1771 2387 de
1791 2342 1890 2386 causa

488 2433 659 2510 bellorum,
677 2443 711 2498 et
726 2434 768 2497 de
784 2433 932 2516 captiuis,
946 2453 985 2498 ac
1001 2434 1112 2512 seruis,
1128 2433 1266 2517 aliisque
1282 2435 1446 2499 nonnullis
1461 2435 1538 2498 belli
1558 2435 1673 2499 rebus:
1697 2435 1761 2499 huc
1776 2444 1890 2500 tamen

488 2547 532 2610 ad
545 2544 783 2628 rempublicam
798 2565 892 2608 suam
909 2543 1019 2610 retulit
1034 2547 1154 2623 omnia,
1167 2555 1200 2610 et
1217 2547 1249 2610 in
1265 2548 1334 2610 eius
1350 2567 1446 2611 usum
1458 2547 1657 2630 explicauit:
1680 2556 1717 2610 ut
1732 2547 1789 2629 qui
1805 2556 1891 2611 esset

489 2658 611 2740 captiui
627 2666 734 2722 status
749 2659 839 2739 apud
855 2658 952 2736 ciues,
968 2678 1054 2740 quae
1070 2678 1177 2722 rerum
1194 2659 1263 2722 eius
1278 2660 1433 2736 conditio,
1449 2668 1482 2721 et
1497 2659 1531 2722 id
1547 2679 1653 2741 genus
1667 2658 1740 2723 alia.

533 2771 624 2834 Nam
654 2770 733 2853 quid
763 2771 871 2835 dicam
901 2771 945 2835 de
973 2770 1024 2834 his
1054 2771 1287 2854 interpretibus
1319 2773 1396 2836 iuris
1432 2772 1654 2836 Iustinianici:
1689 2793 1772 2854 quos
1794 2769 1890 2835 huius

488 2882 566 2945 iuris
608 2881 716 2946 bellici
752 2882 1013 2965 imperitissimos
1054 2883 1101 2950 ait
1139 2884 1257 2948 merito
1296 2884 1436 2961 Ioannes
1473 2881 1665 2948 Bodinus3?
1724 2883 1890 2964 Equidem

489 3003 619 3075 praeter
645 2993 788 3075 Lignani
814 2995 956 3076 paucula
980 2994 1077 3058 huius
1103 3003 1272 3072 tractatus,
1299 3004 1332 3059 et
1358 2995 1496 3060 aliorum
1527 2993 1684 3059 nonnulla
1713 2995 1778 3059 alia
1800 3013 1889 3077 spar-

488 3107 559 3186 sim,
586 3106 650 3190 legi
681 3107 780 3172 nihil:
819 3117 852 3172 et
879 3129 919 3172 ea
945 3128 1010 3172 non
1037 3107 1163 3190 absque
1190 3107 1322 3172 fastidio
1353 3109 1417 3191 legi
1447 3109 1568 3172 omnia.
1619 3109 1675 3174 Sic
1704 3116 1781 3172 sunt
1811 3113 1890 3189 apta

489 3217 605 3296 minus,
635 3217 809 3300 minusque
838 3217 1031 3301 splendida:
1069 3227 1106 3282 ut
1136 3226 1339 3300 praeteream
1369 3217 1460 3296 illud,
1490 3237 1562 3282 esse
1593 3218 1626 3280 in
1657 3237 1770 3282 eorum
1799 3215 1890 3280 libris

488 3329 731 3414 quamplurima
759 3351 825 3394 non
860 3331 902 3393 de
932 3329 1028 3406 belle,
1059 3338 1093 3393 et
1120 3330 1162 3393 de
1192 3329 1270 3393 belli
1300 3331 1369 3394 iure
1398 3331 1555 3394 aduersus
1586 3329 1725 3406 hostem,
1755 3329 1813 3392 sed
1847 3329 1890 3392 de

488 3463 522 3506 re
545 3443 685 3520 militari,
709 3451 743 3507 et
763 3442 892 3526 legibus
914 3460 990 3505 cum
1013 3441 1095 3516 ciue,
1119 3451 1153 3506 et
1176 3441 1280 3505 milite
1303 3451 1423 3506 nostro.
1477 3442 1597 3523 Neque
1619 3439 1692 3506 illos
1715 3451 1889 3524 propterea

486 3575 605 3620 accuso
621 3555 708 3618 uiros
724 3555 943 3620 doctissimos.
972 3563 1007 3618 at
1025 3553 1088 3618 hoc
1110 3554 1215 3635 magis
1236 3554 1320 3630 dico,
1336 3553 1439 3617 ullam
1459 3553 1519 3616 uix
1540 3573 1560 3616 a
1579 3551 1649 3617 solo
1671 3553 1739 3617 iure
1757 3553 1890 3616 Iustini-

488 3687 572 3730 aneo
595 3688 667 3732 esse
690 3667 913 3750 cognitionem
936 3686 1033 3748 posse
1056 3666 1149 3730 istius
1176 3665 1253 3729 iuris
1278 3665 1445 3729 militaris:
1480 3665 1569 3748 quod
1593 3665 1732 3729 maximi
1756 3665 1889 3728 Iustini-

487 3777 623 3856 anistae,
638 3777 824 3860 peritissimi
840 3778 948 3842 omnis
965 3777 1168 3842 Iustinianici
1185 3777 1262 3839 iuris
1282 3777 1413 3859 penitus
1429 3778 1629 3860 ignorarunt.
1676 3777 1889 3842 Recentiores

489 3908 555 3953 non
586 3889 656 3952 fero
678 3889 882 3972 interpretes,
906 3889 962 3971 qui
988 3888 1041 3952 hic
1065 3898 1193 3952 ueteres
1219 3889 1488 3967 condemnarunt,
1512 3909 1548 3952 se
1574 3899 1686 3953 autem
1714 3890 1890 3971 magistros

488 3998 687 4078 obtulerunt,
705 4021 789 4083 quos
811 4000 992 4064 audiamus.
1038 3999 1124 4063 Dico
1147 4000 1288 4063 eundem
1312 4001 1486 4081 Bodinum,
1503 4011 1536 4066 et
1558 4001 1691 4066 Petrum
1711 3999 1888 4065 Fabrum⁴2

488 4111 685 4176 clarissimos
710 4111 961 4176 Iurisconsultos
990 4120 1097 4176 terrae
1123 4110 1259 4176 Galliae.
1317 4111 1406 4177 Sane
1432 4113 1529 4192 enim,
1551 4114 1578 4176 si
1603 4123 1779 4195 peccarunt
1805 4113 1888 4177 anti·

488 4222 618 4304 quiores
641 4223 842 4306 interpretes,
857 4224 947 4305 quod
973 4222 1089 4299 solam,
1106 4243 1206 4306 saepe
1228 4224 1378 4305 alienam,
1394 4225 1497 4290 ciuilis
1520 4225 1597 4289 iuris
1613 4225 1888 4308 disceptationem

487 4331 552 4398 huc
572 4334 792 4399 induxerunt:
823 4343 999 4417 peccarunt
1024 4345 1058 4399 et
1082 4336 1135 4400 isti
1160 4319 1363 4412 recentiores,
1383 4339 1439 4421 qui
1462 4340 1585 4403 nudam
1607 4337 1815 4402 historiarum
1840 4359 1888 4402 re·

488 4446 678 4511 citationem
715 4445 874 4512 attulere:
919 4449 962 4511 de
994 4447 1113 4529 quibus
1146 4459 1281 4531 propter
1313 4450 1518 4528 uarietatem,
1552 4461 1586 4515 et
1623 4451 1888 4515 contrarietatem

519 4655 610 4738 ’'Plat.
621 4655 689 4708 Prot.
703 4657 739 4720 (p.
753 4667 799 4718 3²²
812 4655 861 4720 Β.).
905 4655 1009 4706 'Arist
1024 4669 1044 4706 1.
1057 4655 1116 4706 Etb.
1131 4671 1151 4706 2.
1164 4673 1188 4721 4.
1237 4657 1325 4708 ’Bod
1340 4673 1362 4722 5.
1375 4659 1415 4709 De
1426 4675 1478 4724 rep.
1491 4659 1514 4710 6.
1558 4659 1855 4721 ⁴Fab.2.semestria5.
