4604 5562
777 722 837 774 DE
866 722 968 776 IURE
997 723 1131 789 BELLI,
1160 724 1287 792 LIB.I,
1320 725 1407 780 CAP.
1430 724 1462 776 X
1467 725 1496 779 V.
1798 712 1839 792 69

443 969 495 1050 qui
509 968 603 1032 nobis
615 968 703 1032 chari
716 989 787 1032 esse
799 969 941 1033 debent:
961 978 1047 1033 teste
1059 970 1106 1034 M.
1119 969 1237 1034 Tullio.
1269 968 1358 1052 Quid
1371 971 1398 1033 si
1410 969 1498 1048 socii,
1511 979 1544 1034 et
1556 967 1738 1034 foederati?
1759 969 1840 1052 ‘Qui

443 1083 529 1143 ‘non
542 1079 678 1163 depellit
694 1081 842 1144 iniuriam
858 1102 878 1145 a
894 1081 991 1159 socio,
1006 1081 1033 1145 si
1049 1090 1168 1164 potest,
1181 1091 1250 1146 tam
1267 1090 1317 1146 est
1333 1081 1366 1144 in
1381 1081 1462 1145 uitio
1477 1103 1578 1164 quam
1594 1081 1648 1145 ille
1663 1081 1719 1164 qui
1734 1080 1844 1146 facit:’

443 1188 637 1254 Ambrosius
647 1189 667 1256 ¹.
713 1191 758 1255 Et
780 1190 841 1274 ipsi
866 1212 926 1256 nos
948 1193 1118 1270 laedimur,
1141 1194 1167 1256 si
1190 1193 1268 1257 socii
1294 1194 1395 1257 nostri
1419 1193 1604 1257 laeduntur.
1635 1195 1724 1275 quod
1751 1190 1841 1275 apud

444 1301 573 1366 Liuium
583 1300 606 1367 ².
652 1302 742 1367 Male
762 1303 902 1369 Ioannes
925 1305 1073 1369 Bodinus
1095 1314 1215 1382 censet,
1232 1326 1297 1368 non
1316 1296 1426 1369 teneri
1438 1305 1563 1369 socium
1582 1315 1615 1369 et
1634 1304 1840 1368 foederatum

443 1414 530 1477 socio
547 1413 708 1477 auxilium
727 1412 817 1493 ferre,
834 1415 860 1478 si
879 1415 922 1478 de
937 1415 1069 1478 auxiliis
1087 1425 1219 1479 cautum
1239 1417 1272 1478 in
1291 1415 1423 1480 foedere
1442 1436 1507 1480 non
1523 1426 1572 1480 est
1588 1426 1622 1480 et
1640 1417 1839 1480 contrarium

443 1526 624 1589 ostenditur
645 1545 730 1589 nunc
750 1548 771 1590 a
792 1526 893 1604 nobis,
912 1536 1013 1609 atque
1033 1527 1133 1591 etiam
1154 1528 1347 1592 ostendetur
1367 1529 1400 1590 in
1421 1529 1518 1592 tertio
1538 1527 1622 1592 libro
1631 1529 1653 1592 ³.
1699 1528 1789 1611 Quid
1813 1529 1839 1592 si

443 1637 587 1701 eiusdem
608 1638 718 1720 gentis
741 1646 774 1700 et
797 1638 986 1720 sanguinis?
1029 1638 1207 1722 Agesilaus
1229 1640 1276 1704 ita
1298 1640 1442 1722 suscepit
1465 1638 1588 1704 bellum
1610 1641 1642 1703 in
1664 1641 1787 1720 Persas,
1804 1651 1840 1705 ut

443 1746 585 1812 Graecos
607 1748 774 1813 Asiaticos
797 1750 830 1812 in
853 1748 1040 1815 libertatem
1063 1750 1212 1814 assereret
1222 1747 1244 1814 ⁴.
1289 1749 1335 1814 Et
1358 1749 1554 1815 Germaniae
1576 1751 1688 1834 reguli,
1707 1761 1839 1815 uetusto

443 1880 531 1924 more
546 1860 663 1943 gentis,
675 1860 926 1942 implorantibus
942 1870 1091 1925 mutuam
1108 1880 1207 1943 opem
1224 1881 1289 1925 non
1305 1863 1430 1939 adesse,
1440 1861 1531 1926 nefas
1546 1863 1690 1945 putant⁶.
1714 1862 1840 1945 Quam-

443 1991 539 2054 quam
559 1970 624 2035 illic
643 1980 694 2035 est
712 1980 881 2053 praeterea
897 1972 1094 2055 reipublicae
1108 1972 1277 2055 quoddam
1296 1991 1434 2055 corpus:
1458 1982 1495 2037 ut
1513 1951 1724 2038 Achaeorum
1741 1973 1840 2037 fuisse

442 2083 518 2146 olim
542 2082 690 2147 traditur.
737 2082 826 2165 Quid
847 2083 874 2146 si
893 2083 1040 2148 eiusdem
1060 2081 1247 2166 religionis?
1294 2081 1468 2148 Sociantur
1484 2092 1601 2166 gentes
1619 2084 1746 2148 unitate
1768 2085 1841 2148 reli-

442 2193 547 2274 gionis
570 2194 684 2276 magis,
702 2214 802 2276 quam
825 2201 883 2259 aut
905 2195 983 2258 iuris
1004 2193 1137 2258 alterius
1160 2195 1399 2273 communione,
1417 2203 1475 2258 aut
1494 2194 1633 2259 foederis
1656 2196 1807 2278 pactione
1817 2195 1840 2256 ⁰.

443 2303 487 2368 Et
509 2304 620 2387 itaque
644 2306 689 2369 sic
712 2306 943 2370 communione
965 2315 1125 2384 naturam,
1142 2304 1274 2370 foedere
1297 2307 1346 2369 ius
1369 2305 1526 2388 gentium,
1542 2306 1670 2389 legibus
1687 2306 1840 2388 rempub-

443 2416 546 2496 licam,
562 2415 719 2500 religione
742 2418 906 2480 communi
925 2413 975 2503 (re
996 2417 1144 2481 omnium
1167 2415 1409 2504 potentissima)
1428 2418 1553 2483 uiscera
1578 2416 1750 2481 hominurn
1778 2417 1841 2481 im·

442 2527 616 2610 ploramus,
640 2537 673 2596 et
696 2528 765 2592 eius
791 2530 903 2607 sancti,
926 2529 982 2611 qui
1005 2529 1245 2593 communionis
1267 2529 1360 2592 istius
1386 2538 1486 2612 caput
1512 2539 1572 2592 est.
1632 2528 1688 2593 Sic
1714 2527 1839 2592 bellum

442 2659 515 2702 cum
543 2639 668 2702 Persis:
698 2639 775 2722 quia
798 2640 844 2702 eis
869 2639 1026 2721 perfugae
1052 2659 1118 2702 non
1145 2639 1388 2704 reddebantur:
1421 2650 1454 2704 et
1482 2659 1546 2703 non
1574 2639 1797 2704 reddebantur
1820 2661 1841 2704 a

444 2749 610 2829 Romanis,
627 2750 683 2834 qui
703 2750 875 2814 noluerunt
894 2751 1063 2833 despicere
1081 2751 1254 2834 supplices,
1273 2751 1472 2834 professores
1493 2771 1603 2816 secum
1624 2751 1771 2815 eiusdem
1790 2772 1840 2816 re-

443 2861 578 2944 ligionis.
600 2861 757 2944 profugos
774 2882 794 2925 a
813 2861 1006 2927 crudelitate
1029 2861 1233 2926 Persaruml.
1279 2863 1356 2926 Hoc
1379 2863 1479 2926 modo
1504 2863 1649 2927 lustinus
1671 2863 1840 2945 respondit

444 2973 568 3052 Persae,
583 2974 689 3038 facere
711 2995 746 3038 se
769 2994 834 3038 non
850 2995 955 3057 posse,
970 2975 1050 3057 quin
1072 2975 1231 3057 reciperet
1254 2974 1444 3056 religionem
1470 2973 1699 3053 Christianam,
1718 2975 1839 3039 descis-

443 3097 569 3150 centem
592 3087 635 3150 ad
657 3107 693 3150 se
715 3107 736 3150 a
758 3086 865 3166 Persa,
889 3087 945 3172 qui
968 3087 1108 3169 cogebat
1131 3107 1188 3150 eos
1209 3087 1360 3151 deserere
1387 3086 1577 3169 religionem
1607 3086 1838 3152 Christianam.

444 3196 488 3260 Et
506 3199 608 3262 nostri
627 3197 674 3262 sic
688 3197 832 3275 tradunt,
851 3199 974 3261 moueri
993 3196 1117 3261 bellum
1136 3218 1242 3280 posse,
1258 3197 1285 3261 si
1301 3197 1401 3281 aliqui
1418 3199 1565 3261 conuersi
1584 3198 1628 3261 ad
1647 3197 1837 3280 religionem

443 3307 670 3388 Christianam,
685 3318 911 3391 premerentur
925 3310 1027 3401 alsuis
1043 3309 1193 3388 dominis,
1209 3319 1242 3374 et
1263 3309 1342 3373 illud
1359 3318 1494 3392 propter
1511 3309 1561 3372 ius
1576 3308 1744 3373 societatis
1760 3329 1838 3372 con-

443 3427 582 3484 tractum
606 3441 650 3484 ex
673 3418 920 3484 conuersione⁸.
965 3419 1077 3498 Adde,
1092 3441 1178 3502 quae
1196 3421 1239 3484 de
1261 3419 1325 3484 hoc
1343 3419 1414 3483 dixi
1437 3419 1538 3483 etiam
1557 3421 1590 3482 in
1609 3420 1718 3502 capite
1738 3439 1839 3483 nono.

443 3528 530 3612 Quid
557 3531 584 3594 si
611 3529 732 3594 uicini?
787 3531 896 3614 ‘Quid
923 3527 1032 3594 enim?
1065 3530 1145 3593 mihi
1174 3530 1218 3594 ad
1244 3529 1489 3594 defendendum
1520 3529 1691 3593 Plancium
1721 3550 1839 3612 parum

443 3643 597 3722 ‘multae
616 3663 731 3726 parum
753 3643 858 3707 iustae
876 3643 1135 3707 necessitudines
1153 3651 1254 3720 erant,
1272 3641 1512 3720 familiaritatis,
1532 3641 1717 3718 uicinitatis,
1737 3640 1840 3723 patris

443 3753 664 3820 ‘amicitiaei’
688 3755 803 3819 Cicero
828 3755 906 3820 aitl.
951 3754 996 3818 Et
1022 3754 1076 3818 hic
1102 3773 1218 3818 caussa
1242 3764 1353 3816 nostra
1377 3761 1435 3817 est.
1480 3754 1624 3817 ‘Nostra
1647 3773 1697 3816 res
1720 3753 1839 3834 agitur,

443 3866 572 3947 ‘paries
599 3867 679 3930 dum
706 3865 879 3949 proximus
901 3867 995 3930 ardet
1005 3861 1049 3929 ¹⁰.’
1094 3865 1183 3928 Nam
1207 3865 1234 3928 si
1258 3884 1340 3946 quas
1363 3864 1448 3947 ignis
1466 3865 1567 3928 aedes
1585 3865 1694 3946 coepit
1711 3863 1838 3942 acriter,

444 3976 576 4042 defensu
598 3978 687 4042 haud
711 3976 806 4041 facile
827 3986 914 4054 sunt,
937 3977 1016 4061 quin
1040 3985 1073 4042 et
1095 3978 1269 4060 proximae
1292 3977 1527 4041 comburantur
1537 3974 1570 4042 ¹¹.
1607 3976 1698 4057 quod
1718 3975 1838 4040 alicubi

444 4099 510 4154 erat
536 4090 625 4172 apud
653 4089 856 4154 Sallustium.
902 4090 949 4152 Et
975 4109 1061 4154 nunc
1088 4099 1138 4153 est
1165 4090 1254 4172 apud
1282 4089 1450 4164 Ouidium,
1473 4088 1669 4152 ‘Proximus
1695 4109 1715 4151 a
1742 4087 1840 4152 tectis

474 4351 483 4383 ¹
500 4354 586 4404 Ambr.
602 4370 622 4405 1.
635 4356 666 4406 de
677 4355 726 4406 Off.
855 4357 866 4386 ²
883 4356 938 4407 Liu.
950 4369 989 4418 3¹·
1002 4369 1041 4418 34.
1172 4352 1183 4383 ¹
1200 4353 1262 4402 Bod.
1276 4365 1300 4414 5.
1313 4351 1344 4402 de
1356 4354 1418 4417 Rep.
1429 4351 1474 4404 ult.
1605 4354 1614 4384 ¹
1632 4353 1687 4404 Plu.
1700 4354 1802 4419 Apoph.

553 4438 564 4468 ⁶
579 4439 633 4488 lou.
647 4439 691 4490 lib.
707 4455 746 4504 ²³·
845 4439 856 4468 ⁶
872 4440 945 4491 Oros.
956 4439 1001 4490 lib.
1014 4451 1035 4502 5.
1049 4453 1071 4488 e.
1086 4452 1107 4486 a.
1206 4435 1216 4464 ¹
1233 4437 1338 4501 Procop.
1352 4449 1363 4483 1
1378 4434 1459 4493 Pers.;
1471 4435 1537 4487 Call.
1549 4435 1594 4486 lib.
1608 4449 1646 4499 17.
1659 4453 1681 4487 c.
1696 4447 1736 4500 37.

597 4521 607 4550 ⁸
625 4521 680 4572 Ale.
692 4521 709 4570 l.
721 4525 760 4585 38.
774 4528 787 4584 ἱ
800 4521 910 4573 Sacram.
921 4523 952 4571 de
963 4523 995 4573 U.
1008 4522 1039 4571 Ο.
1055 4521 1100 4584 (D.
1111 4535 1151 4584 45.
1167 4520 1200 4580 1).
1387 4516 1398 4546 ⁰
1414 4519 1468 4570 Cic.
1480 4534 1527 4583 pro
1538 4517 1623 4569 Plane.
1638 4533 1675 4567 ao.

507 4601 524 4632 ¹⁰
542 4603 632 4656 Horat.
644 4603 723 4670 Epist.
738 4619 759 4655 1.
774 4605 811 4655 18.
826 4605 875 4669 843
893 4608 959 4669 Ang.
971 4605 988 4655 l.
1002 4619 1014 4653 ι
1027 4602 1101 4654 dele.
1113 4603 1178 4652 Rho.
1192 4601 1237 4664 (D.
1253 4615 1289 4664 ¹4·
1305 4601 1339 4661 π).
1562 4601 1579 4630 ¹¹
1597 4600 1682 4652 Chari.
1695 4599 1738 4650 lib.
1753 4613 1774 4648 r.
