4604 5562
975 711 1177 764 ALBERICI
1204 709 1403 763 GENTILIS

483 951 601 1016 horum
624 951 829 1034 populorum,
849 963 883 1016 et
905 954 1011 1035 prisca
1033 952 1314 1035 consanguinitas:
1338 952 1462 1033 reliqua
1481 951 1600 1026 omnia,
1617 971 1702 1033 quae
1720 951 1762 1013 ad
1779 950 1878 1012 finem

482 1072 598 1127 notata
623 1073 700 1126 sunt
724 1064 840 1145 capitis
867 1062 1050 1146 superioris,
1081 1072 1115 1126 et
1142 1063 1241 1144 igitur
1267 1082 1342 1125 cum
1368 1060 1533 1139 Cicerone,
1561 1061 1691 1124 ‘Etiam
1716 1070 1881 1138 nocentes,

482 1175 566 1238 ‘uiri
588 1174 676 1252 boni,
697 1175 724 1237 si
744 1174 915 1238 necessarii
937 1183 1022 1252 sunt,
1049 1194 1115 1237 non
1138 1173 1364 1238 defendendos
1387 1194 1458 1237 esse
1482 1192 1548 1236 non
1575 1181 1695 1254 putant
1705 1169 1736 1236 1.'
1780 1173 1883 1235 Adde

484 1305 586 1348 unum
620 1286 730 1367 magni
764 1285 933 1363 momenti,
963 1285 1052 1367 quod
1089 1284 1221 1366 Belgae,
1252 1283 1339 1348 bello
1373 1283 1459 1362 uicti,
1490 1283 1714 1347 conditionem
1747 1284 1882 1347 omnino

484 1406 658 1460 mutarent.
688 1405 790 1478 atque
809 1396 959 1460 uidemus
981 1397 1015 1459 in
1038 1405 1133 1478 parte
1156 1397 1251 1473 uicta,
1274 1416 1358 1477 quae
1381 1395 1510 1458 deiecta
1532 1394 1710 1476 plurimum
1734 1396 1777 1458 de
1800 1397 1881 1477 pris-

485 1510 554 1573 tina
577 1509 736 1586 libertate,
759 1517 792 1572 et
815 1508 984 1590 praesidiis
1006 1528 1162 1590 oppressa
1185 1507 1372 1588 plurimum,
1395 1507 1438 1570 ad
1461 1506 1567 1570 solum
1590 1507 1744 1588 principis
1763 1517 1880 1569 nutum

484 1641 570 1684 nune
594 1620 724 1702 regitur.
771 1620 812 1683 Id
835 1628 947 1683 autem
971 1619 1067 1683 uicini
1092 1617 1175 1682 ferre
1202 1637 1266 1680 non
1291 1617 1426 1681 habent.
1472 1617 1592 1699 Neque
1616 1617 1701 1680 ullus
1723 1617 1807 1680 alius
1830 1627 1881 1680 est

484 1732 708 1814 prohibendus
731 1730 876 1794 libertati
899 1729 1009 1793 fauere
1018 1729 1039 1792 ².
1084 1729 1151 1793 Ast
1174 1729 1354 1793 uicinorum
1373 1730 1509 1792 interest
1528 1749 1593 1791 non
1612 1748 1760 1809 paruum,
1778 1728 1880 1791 alium

483 1844 606 1907 habere
622 1843 766 1907 uicinum
775 1841 798 1906 ³.
837 1842 926 1904 Nam
944 1842 970 1904 si
990 1840 1039 1903 uir
1057 1841 1127 1902 uiro
1145 1840 1247 1903 habet
1265 1861 1357 1922 opus,
1375 1841 1454 1922 quid
1474 1841 1621 1904 dicemus
1643 1839 1786 1902 uicinum
1810 1859 1882 1902 esse

482 1951 612 2017 uicino?
642 1954 689 2017 ait
719 1952 879 2015 Pindarus
889 1950 911 2015 ⁴.
958 1952 1003 2014 Et
1034 1948 1267 2029 Callimachus,
1299 1950 1401 2014 ‘Mihi
1432 1949 1510 2013 mali
1541 1949 1638 2013 uicini
1668 1949 1772 2012 odiosi
1784 1945 1817 2012 ⁵3
1848 1958 1882 2011 et

483 2065 614 2146 sapiens
632 2064 749 2146 aliquis
769 2063 950 2139 Hebraeus,
969 2061 1179 2125 ‘Morborum
1202 2062 1349 2125 omnium
1369 2061 1530 2143 pessimus
1550 2061 1675 2123 uicinus
1694 2060 1818 2122 malus!
1848 2069 1882 2122 et

481 2174 565 2238 alius
590 2174 736 2238 eiusdem
757 2173 984 2256 gentis,‘Uae
1010 2173 1170 2254 improb0,
1192 2182 1226 2236 et
1250 2193 1311 2235 uae
1338 2173 1446 2235 uicino
1473 2168 1580 2235 eius⁶.’
1625 2171 1671 2233 Et
1696 2170 1881 2233 Hesiodum

485 2285 541 2350 ubi
559 2285 730 2369 relinquo?
774 2287 893 2350 ‘Noxa
912 2305 1033 2366 magna
1051 2294 1103 2348 est
1125 2283 1231 2347 malus
1254 2284 1386 2357 uicinus,
1405 2282 1512 2345 bonus
1535 2277 1789 2345 commodum⁷.'
1838 2281 1883 2343 Et

482 2397 623 2461 morales
642 2395 773 2461 fabulae
791 2396 846 2459 ubi
869 2393 1028 2459 silentur?
1060 2395 1241 2459 ‘Uicinitas
1257 2393 1344 2456 mala
1363 2394 1466 2457 instar
1484 2393 1651 2456 infortunii
1671 2401 1721 2455 est
1731 2390 1765 2454 ⁸.’
1795 2411 1881 2473 quae

483 2508 583 2571 etiam
606 2508 735 2586 docent,
754 2507 978 2590 potentiorum
1001 2526 1131 2588 semper
1154 2527 1225 2569 esse
1248 2505 1451 2568 uicinitatem
1474 2503 1645 2567 uitandam
1669 2503 1882 2566 tenuioribus.

486 2617 573 2684 Sunt
595 2641 615 2683 a
637 2620 790 2702 proxime
812 2618 1038 2683 habitantibus
1060 2617 1155 2680 bonis
1177 2617 1273 2694 bona,
1297 2616 1391 2678 malis
1415 2615 1532 2678 malal.
1579 2614 1634 2678 Sic
1657 2623 1692 2678 et
1714 2613 1819 2677 Plato.
1850 2623 1883 2676 et

484 2731 530 2793 sic
546 2729 794 2809 Themistocles,
809 2751 913 2813 quum
927 2729 1066 2793 fundum
1083 2729 1248 2801 uenderet,
1266 2727 1433 2809 predicare
1449 2744 1624 2808 preconem
1639 2725 1740 2802 iussit,
1757 2725 1882 2788 bonum

485 2841 530 2902 illi
550 2841 694 2904 uicinum
712 2841 829 2905 adesse
838 2839 872 2904 ¹⁰.
895 2840 984 2922 quod
1005 2840 1198 2920 interpretes
1216 2839 1258 2902 ad
1277 2838 1326 2899 ius
1345 2845 1461 2900 notant
1471 2834 1504 2899 ¹¹.
1549 2835 1665 2917 Atque
1683 2835 1881 2900 eiuscemodi

484 2953 626 3035 plurima
648 2963 733 3016 sunt.
779 2951 890 3034 Quare
908 2971 968 3014 nec
983 2951 1013 3014 'si
1032 2951 1128 3014 uicini
1142 2950 1176 3012 hi
1196 2948 1299 3012 uelint
1316 2948 1439 3012 subditi
1458 2957 1586 3011 mutare
1604 2967 1698 3010 suam
1717 2947 1883 3011 condicio-

480 3083 566 3138 nem,
590 3083 649 3126 nec
673 3063 699 3124 si
720 3061 842 3125 delicto
865 3061 899 3124 in
922 3060 1104 3142 principem
1130 3080 1227 3122 suum
1250 3058 1428 3122 commisso
1453 3067 1580 3121 mutare
1603 3067 1773 3140 coguntur,
1798 3057 1882 3120 serre

483 3173 518 3237 id
536 3173 619 3237 alius
638 3173 763 3236 uicinus
786 3172 912 3254 cogitur
934 3172 1094 3253 princeps,
1110 3171 1162 3234 cui
1185 3190 1291 3251 neque
1311 3168 1445 3233 alterius
1464 3169 1627 3246 uoluntas,
1644 3178 1703 3232 aut
1725 3168 1883 3232 delictum

482 3283 597 3349 afferre
613 3286 850 3350 detrimentum
865 3284 975 3347 debet.
1010 3282 1132 3346 Ueneti
1149 3281 1258 3362 legati,
1275 3281 1355 3344 dum
1371 3281 1577 3344 intercedunt
1592 3301 1652 3362 pro
1669 3280 1882 3362 Sigismundo

485 3395 663 3460 Malatesta
685 3396 775 3479 apud
799 3396 893 3458 Pium
914 3394 1105 3470 secundum,
1124 3392 1225 3456 etiam
1243 3391 1306 3455 hoc
1329 3392 1451 3469 dicunt,
1470 3391 1595 3455 uicinos
1613 3391 1775 3474 principes
1793 3389 1882 3454 nolle

483 3509 584 3571 alium
606 3508 727 3572 habere
750 3508 912 3572 uicinum:
939 3527 1038 3588 quem
1061 3514 1230 3587 praeterea
1253 3523 1314 3567 nec
1336 3503 1492 3581 sciebant,
1510 3503 1583 3584 quis
1601 3500 1731 3565 iuturus
1749 3511 1836 3565 esset
1847 3499 1882 3564 ¹².

484 3621 530 3683 Et
560 3630 662 3699 notes,
689 3620 779 3702 quod
811 3618 1042 3701 Sigismundus
1073 3616 1173 3698 opida
1203 3614 1339 3678 tenebat
1367 3615 1411 3678 ab
1442 3613 1597 3678 ecclesia:
1632 3623 1666 3676 et
1691 3612 1880 3677 criminibus

483 3729 634 3794 admissis
656 3731 809 3793 amittere
833 3729 888 3794 illa
911 3729 1027 3792 merito
1046 3727 1174 3790 debuit.
1220 3725 1278 3788 An
1298 3744 1376 3788 uera
1395 3723 1476 3788 haec
1495 3725 1561 3787 sint
1579 3725 1612 3786 in
1631 3723 1754 3786 caussis
1773 3723 1880 3804 priua-

484 3849 602 3917 torum,
625 3839 826 3904 dubitauerit
849 3839 987 3902 fortasse
1011 3857 1076 3900 non
1099 3857 1206 3900 nemo
1237 3856 1315 3899 nam
1338 3835 1485 3917 priuatus
1508 3855 1606 3917 posse
1629 3833 1735 3898 facere
1757 3833 1800 3896 de
1823 3854 1884 3896 suo

485 3949 622 4027 uidetur,
638 3951 727 4032 quod
744 3951 824 4027 uult,
839 3951 866 4012 si
882 3949 944 4012 sibi
959 3948 1101 4030 prodest,
1118 3956 1151 4011 et
1169 3946 1262 4010 alteri
1287 3943 1427 4010 nocet¹³.
1459 3965 1537 4009 uera
1554 3955 1667 4010 tamen
1685 3944 1731 4009 sic
1750 3953 1827 4008 sunt
1850 3944 1883 4006 in

748 4247 982 4314 ¹Cic.proSyl.3.
1178 4246 1222 4294 ¹1.
1236 4246 1299 4308 3.de
1310 4246 1353 4296 ho.
1366 4245 1392 4296 li.
1406 4261 1443 4296 ex.
1456 4246 1501 4310 (D.
1514 4261 1554 4309 43.
1569 4247 1621 4312 29).

550 4333 593 4382 ³1.
606 4331 832 4397 54.deleg.2(D.
846 4332 903 4394 3r);
922 4329 976 4378 Bal.
988 4329 1005 4379 l.
1016 4344 1039 4394 9.
1052 4329 1081 4378 C.
1093 4328 1124 4378 de
1135 4343 1175 4392 pa.
1190 4327 1224 4377 in.
1236 4345 1284 4378 ern.
1298 4331 1333 4392 (4.
1347 4331 1398 4392 54).
1598 4325 1818 4390 *Pind.Nem.7.

614 4411 624 4443 ¹
641 4413 704 4464 Call.
717 4413 769 4478 Hy.
782 4415 838 4464 Cer.
851 4414 869 4462 1.
883 4414 937 4462 118.
1001 4409 1011 4439 ⁸
1031 4411 1098 4460 Heb.
1111 4409 1213 4474 Apoph.
1225 4410 1269 4460 lib.
1281 4424 1303 4460 1.
1316 4417 1341 4460 et
1354 4424 1377 4472 3.
1443 4409 1454 4439 ²
1471 4411 1560 4462 Hesio.
1573 4426 1593 4462 1.
1606 4411 1656 4476 Op.
1667 4410 1684 4460 l.
1698 4409 1753 4472 34⁶·

583 4497 592 4526 ⁸
611 4496 680 4546 Faer.
695 4495 756 4547 Feb.
769 4509 814 4558 573
833 4493 986 4544 Alc.Emb1.
1001 4493 1056 4556 164.
1171 4493 1181 4522 ⁹
1198 4492 1262 4542 Plnt.
1275 4493 1366 4556 Euthy.
1486 4491 1506 4523 ¹⁰
1521 4493 1576 4543 Plu.
1589 4491 1691 4558 Apoph.
1704 4491 1786 4554 (185).

482 4580 499 4611 ¹¹
516 4579 532 4628 l.
546 4577 909 4643 35.decou.cm.<D.18.r).
943 4575 1049 4626 ”Com
1063 4574 1108 4625 Pii.
1122 4575 1249 4626 2.lib.ro.
1283 4571 1879 4639 ¹³i.26.deda.ini.(D.39.r);Alemarqr,
