4456 5566
472 666 517 727 ’44
961 655 1163 712 ALBERICI
1191 656 1391 711 GENTILIS

472 905 571 982 iacto,
590 901 680 984 quod
702 901 788 965 inter
809 901 1003 984 religionum
1024 900 1232 965 diuersitates
1254 899 1382 963 steterit
1404 897 1542 971 medius,
1561 907 1595 961 et
1612 897 1778 961 neminem
1797 897 1875 962 ade·

472 1013 559 1097 'gerit
577 1013 621 1078 ad
640 1033 744 1088 suam,
766 1013 912 1076 maxime
931 1011 1085 1076 claruisse
1103 1009 1335 1076 memoratur¹.
1380 1010 1492 1075 Etiam
1511 1009 1568 1085 ais,
1586 1009 1792 1087 Bellarmine,
1808 1018 1874 1073 tres

473 1125 562 1190 solos
579 1123 767 1207 permisisse
784 1124 931 1189 diuersas
949 1123 1132 1207 religiones,
1149 1122 1366 1201 Iouinianum,
1384 1122 1440 1205 qui
1464 1119 1678 1204 reprehensus
1696 1141 1716 1184 a
1735 1122 1873 1204 synodo,

475 1235 665 1309 Ualentem,
689 1235 746 1317 qui
767 1234 938 1314 Arrianus,
963 1235 1135 1310 Iulianum,
1159 1236 1237 1317 quia
1258 1232 1436 1317 apostata?
1483 1231 1659 1297 Caeterum
1682 1243 1716 1297 et
1738 1253 1874 1316 respon-

474 1349 579 1426 detur,
595 1347 730 1412 cessisse
744 1345 805 1411 hos
820 1348 1033 1429 temporibus,
1046 1367 1129 1430 quos
1145 1355 1202 1411 aut
1219 1367 1281 1429 ego
1296 1347 1380 1425 dico,
1389 1365 1523 1410 omnes:
1540 1354 1574 1409 et
1586 1345 1731 1409 diuersas
1743 1345 1789 1409 ita
1800 1365 1874 1428 per-

474 1459 601 1523 misisse
617 1457 799 1541 religiones.
839 1459 885 1523 Et
903 1459 950 1522 sic
965 1459 1120 1522 clausisse
1135 1457 1261 1540 templa
1276 1457 1440 1522 idolorum
1456 1465 1572 1540 postea
1592 1457 1856 1522 Constantinum.

517 1568 575 1632 Ad
603 1568 638 1633 id
664 1577 723 1648 est,
750 1571 839 1652 quod
867 1589 930 1652 ego
953 1571 1054 1633 etiam
1081 1570 1225 1651 disputo,
1249 1567 1428 1651 proboque.
1482 1568 1548 1652 Qui
1578 1567 1687 1646 uelim,
1709 1588 1730 1631 a
1753 1567 1875 1632 Princi-

475 1680 573 1763 pibus
604 1680 708 1744 curari
731 1679 831 1744 ualde
857 1680 1022 1762 religionis
1045 1680 1217 1744 unitatem.
1271 1678 1340 1744 Sed
1370 1688 1404 1743 et
1433 1677 1505 1758 hoc,
1527 1699 1628 1758 arma,
1651 1688 1685 1743 et
1711 1678 1876 1743 exercitus

474 1811 541 1854 non
559 1792 742 1874 comparari
759 1791 792 1855 in
808 1789 903 1854 ciuile
916 1791 1042 1855 bellum
1057 1801 1192 1874 propter
1206 1810 1307 1853 unam
1323 1789 1525 1872 religionem.
1563 1787 1662 1867 Nam,
1677 1789 1705 1852 si
1719 1789 1876 1871 puniendi

475 1902 542 1966 sint
556 1901 722 1980 haeretici,
738 1910 772 1965 et
790 1903 845 1984 qui
864 1901 897 1965 hi
917 1903 990 1980 sint,
1007 1902 1072 1966 alia
1090 1902 1240 1985 quaestio
1259 1910 1328 1965 est:
1352 1909 1386 1964 et
1401 1921 1466 1964 non
1483 1900 1625 1983 pertinet
1640 1900 1682 1964 ad
1699 1908 1876 1964 tractatum

477 2022 637 2077 nostrum.
682 2011 868 2096 ‘Quicquid
887 2013 992 2090 luerit,
1012 2014 1045 2078 id
1064 2034 1164 2077 omne
1183 2013 1264 2077 citra
1281 2011 1407 2076 bellum
1430 2011 1519 2076 esto!
1565 2012 1610 2074 Et
1633 2011 1877 2075 meminerimus

477 2144 553 2188 curn
569 2122 768 2206 Augustino,
785 2122 936 2190 haereses
959 2145 1025 2188 non
1049 2145 1179 2207 semper
1200 2122 1271 2188 tolli
1295 2144 1393 2206 posse
1415 2123 1540 2206 absque
1559 2122 1704 2206 periculo
1722 2121 1876 2204 reipubli-

478 2233 566 2300 cae².
613 2235 725 2299 Etiam
746 2236 863 2301 Iuliani
882 2237 1026 2302 rationes
1046 2257 1113 2300 non
1135 2255 1251 2300 omnes
1269 2244 1346 2299 sunt
1362 2235 1490 2316 impiae,
1506 2233 1640 2298 serentis
1656 2233 1877 2299 Christianam

478 2346 669 2430 religionem
696 2367 771 2412 cum
801 2368 860 2412 sua
886 2346 1018 2413 ethnica
1029 2347 1052 2412 ³.
1097 2348 1227 2411 Extant
1253 2347 1324 2410 eius
1349 2348 1482 2410 decreta
1511 2354 1545 2409 et
1573 2345 1732 2428 epistolae
1758 2347 1878 2429 quibus

479 2467 692 2534 contestatur,
709 2459 913 2523 coactionem
936 2481 972 2524 se
995 2459 1119 2524 nullam
1141 2458 1367 2522 adhibitumm
1385 2454 1602 2522 Christianis:
1625 2479 1709 2541 quos
1727 2459 1878 2522 nominat

480 2569 647 2634 Galilaeos
663 2569 730 2634 iere
745 2591 882 2653 semper.
925 2572 971 2635 Et
989 2572 1066 2654 quia
1084 2591 1168 2654 opus
1186 2570 1237 2648 sit,
1257 2570 1383 2647 docere,
1400 2589 1467 2632 non
1485 2570 1609 2652 punire,
1625 2578 1785 2634 amentes.
1832 2570 1878 2635 Et
1994 2609 1998 2620 .

480 2682 558 2765 quia
576 2681 656 2745 illud
675 2682 807 2762 sciebat,
827 2682 908 2746 nihil
925 2682 1036 2747 ualere
1054 2681 1122 2745 uim
1141 2682 1174 2744 in
1192 2680 1245 2745 his
1263 2661 1368 2761 rebuS,
1386 2702 1471 2763 quae
1493 2691 1695 2764 promptum,
1710 2690 1744 2746 et
1762 2680 1879 2747 uolun-

479 2793 600 2858 tarium
615 2793 771 2857 iudicium
787 2793 1027 2883 desiderant,si
1042 2794 1166 2858 debent
1182 2813 1253 2857 esse
1268 2801 1446 2876 perpetuae
1455 2791 1477 2857 ⁴.
1521 2792 1672 2879 ‘Religio
1687 2813 1747 2856 sua
1763 2794 1879 2876 cuique

482 2904 637 2969 ‘uidetur
658 2905 804 2988 optima:
835 2913 872 2968 ut
894 2926 980 2987 quae
1002 2925 1067 2969 non
1095 2905 1230 2983 ratione,
1253 2904 1311 2969 sed
1333 2903 1455 2968 affectu
1478 2903 1675 2968 diiudicetur
1691 2925 1713 2969 a
1734 2905 1880 2988 singulis,

481 3021 538 3080 ‘et
559 3037 579 3081 a
597 3026 714 3096 natura
736 3024 786 3080 est
809 3016 913 3080 indita
928 3013 950 3080 :’
972 3016 1078 3098 inquit
1098 3036 1157 3080 rex
1173 3016 1325 3100 Agrippa
1341 3015 1433 3092 Caio,
1452 3037 1495 3079 an
1519 3016 1589 3098 ipse
1612 3015 1707 3080 Philo
1729 3016 1880 3081 doctissi-

482 3127 599 3193 musli
640 3129 753 3192 Etiam
779 3129 811 3191 in
833 3149 881 3207 eo,
897 3130 986 3210 quod
1010 3138 1116 3192 sectas
1138 3128 1283 3192 Iulianus
1306 3128 1339 3191 in
1362 3129 1434 3212 ipsa
1456 3137 1568 3192 nostra
1590 3127 1746 3210 religione
1765 3148 1880 3211 passus

479 3242 532 3305 'est
547 3240 704 3323 iouitque,
719 3248 756 3304 ut
771 3240 814 3304 sit
829 3240 965 3304 discissa
980 3239 1167 3304 concideret
1183 3259 1241 3322 per
1255 3260 1299 3320 se,
1313 3240 1519 3323 propositum
1534 3239 1669 3322 quidem
1685 3259 1751 3302 non
1766 3238 1880 3304 laudes

480 3351 750 3430 abominandum,
760 3353 818 3415 sed
831 3352 1002 3434 cognoscis
1013 3361 1135 3430 tamen,
1145 3352 1319 3436 religiones
1330 3352 1477 3416 diuersas
1491 3351 1622 3416 tolerari
1637 3353 1671 3414 in
1687 3372 1752 3415 una
1762 3352 1880 3436 repub·

482 3465 546 3528 lica
554 3484 658 3546 posse.
678 3464 724 3527 Et
737 3483 833 3546 posse
843 3464 1039 3546 prudentem
1050 3463 1235 3547 Principem
1244 3463 1397 3527 omnibus
1413 3473 1501 3527 recte
1516 3471 1550 3526 et
1562 3461 1697 3545 pacifice
1709 3463 1880 3528 moderari.

483 3576 582 3639 Feret
606 3575 710 3639 malas
732 3575 775 3639 ad
798 3584 950 3658 tempus3
976 3576 1147 3654 coercebit,
1166 3583 1326 3658 quantum
1349 3575 1479 3658 poterit.
1520 3583 1558 3637 ut
1580 3574 1626 3637 sic
1645 3573 1881 3639 Constantinus

482 3685 564 3751 alias
578 3688 664 3766 tulit,
679 3688 738 3752 sed
756 3685 950 3751 Christianis
964 3687 1043 3751 solis
1059 3685 1218 3764 militiam,
1230 3697 1263 3750 et
1280 3687 1438 3769 reliquam
1454 3685 1691 3768 rempublicam
1706 3686 1879 3765 tribuebat,

484 3800 624 3862 necdum
651 3798 790 3881 puniens
818 3797 1009 3863 Ethnic0s0.
1056 3799 1112 3863 Sic
1136 3797 1345 3862 Theodosius
1371 3818 1519 3880 magnus,
1545 3797 1592 3861 sic
1619 3797 1717 3876 Zeno,
1744 3799 1790 3863 sic
1816 3797 1880 3862 alii.

486 3910 542 3975 Sic
566 3908 637 3990 ipse
661 3908 745 3987 Ioas,
768 3907 822 3972 alii
848 3909 977 3991 probati
1003 3928 1096 3991 reges
1105 3909 1127 3972 ⁷.
1173 3908 1273 3992 Quid,
1295 3911 1384 3992 quod
1406 3908 1540 3973 alternis
1562 3908 1687 3973 uicibus
1709 3918 1744 3973 et
1766 3911 1883 3974 diebus

486 4018 662 4087 Christiani
690 4028 724 4082 et
752 4019 892 4101 gentiles
920 4019 1049 4084 Romae
1079 4018 1257 4084 orarunt⁸l
1311 4021 1357 4084 Et
1387 4040 1453 4084 non
1484 4039 1617 4084 necesse
1647 4041 1792 4104 unquam
1821 4021 1883 4086 suit

549 4295 564 4332 ²·
574 4297 659 4352 Amm.
671 4297 714 4346 lib.
728 4310 767 4358 30.
778 4312 800 4346 c.
812 4311 836 4361 9.
938 4293 948 4323 ²
965 4295 1032 4357 Aug.
1045 4307 1068 4356 3.
1080 4307 1134 4344 con.
1146 4293 1228 4344 Parm.
1243 4309 1266 4342 2.
1368 4293 1378 4323 ³
1395 4295 1481 4344 Amor.
1495 4309 1534 4345 22.
1546 4310 1567 4345 c.
1580 4309 1607 4360 5;
1626 4295 1696 4344 Eutr.
1710 4307 1748 4345 10.
1760 4309 1781 4345 c.
1793 4293 1817 4343 8.

645 4379 654 4408 ⁴
670 4379 727 4429 Nic.
740 4378 804 4430 Call.
816 4379 840 4427 8.
851 4377 908 4428 hist.
923 4391 961 4429 20.
1101 4375 1110 4404 ⁵
1128 4375 1191 4425 Phil.
1203 4377 1235 4426 de
1247 4377 1334 4441 Legat.
1348 4376 1383 4440 (p.
1398 4378 1482 4440 1031).
1621 4377 1631 4406 ⁸
1647 4377 1721 4428 Cedr.

745 4459 755 4490 ⁷
774 4475 786 4510 π
799 4461 861 4526 Reg.
877 4473 914 4510 ιι.
1342 4458 1352 4487 ⁸
1369 4459 1442 4510 Oros.
1454 4459 1498 4511 lib.
1510 4477 1534 4526 4.
1546 4476 1569 4510 c.
1582 4471 1621 4524 17.
