4604 5562
512 695 571 742 112
995 684 1197 739 ALBERJCI
1226 687 1426 740 GENTILJS

506 932 599 1013 quasi
615 933 841 1009 constitutum,
856 951 915 1014 per
930 930 1124 996 charitatem
1140 931 1265 1013 patriae
1280 940 1314 995 et
1329 929 1504 1013 sanguinis,
1520 951 1540 995 a
1556 930 1716 1014 Gregorio
1731 953 1818 1015 papa
1833 933 1904 996 uiro

507 1041 682 1120 Germano,
701 1051 735 1106 et
756 1042 899 1106 Othonis
921 1051 1063 1125 cognato
1087 1042 1192 1105 tertii:
1216 1041 1278 1105 sub
1296 1062 1362 1123 quo
1380 1061 1420 1105 ea
1438 1043 1480 1106 de
1499 1062 1533 1106 re
1551 1044 1758 1124 septemuiris
1777 1046 1903 1108 sanctio

420 1133 424 1140 ’
505 1152 574 1216 lata
596 1152 715 1216 dicitur
723 1150 744 1215 ¹.
789 1151 840 1216 At
858 1173 920 1234 ego
938 1154 980 1216 ad
1000 1153 1081 1216 istas
1099 1172 1165 1215 non
1183 1153 1267 1216 abeo
1284 1152 1504 1234 quaestiones.
1549 1153 1629 1219 Post
1649 1154 1806 1219 Carolum
1826 1156 1903 1220 licet

505 1262 726 1326 intermissum
751 1284 772 1326 a
799 1263 937 1346 posteris
967 1263 1036 1327 eius
1063 1263 1206 1328 Romani
1237 1282 1358 1326 nomen
1385 1261 1535 1327 uideatur
1562 1265 1689 1347 imperii
1715 1287 1775 1349 per
1799 1287 1903 1332 annos

505 1374 608 1438 ferme
630 1375 815 1457 sexaginta,
839 1375 872 1438 id
896 1384 1008 1439 tamen
1028 1375 1075 1438 ita
1096 1395 1162 1438 non
1185 1384 1245 1438 est.
1277 1395 1353 1439 nam
1372 1383 1406 1438 et
1425 1375 1511 1457 Ug0,
1532 1375 1705 1456 Rodulsus,
1726 1377 1904 1442 Lotharius

505 1486 670 1549 interdum
692 1486 753 1549 sibi
773 1496 986 1565 asseruerunt,
1002 1495 1035 1550 et
1055 1487 1288 1568 occupantium
1310 1486 1551 1568 possessionem
1570 1487 1771 1570 abruperunt
1779 1488 1801 1556 2.
1846 1489 1903 1556 Sic

505 1597 572 1660 duo
599 1597 814 1679 imperatores
837 1598 937 1662 creari
961 1597 1048 1662 soliti
1074 1617 1133 1680 per
1159 1618 1198 1660 ea
1220 1605 1378 1680 tempora,
1397 1596 1481 1660 alter
1502 1597 1535 1660 in
1559 1596 1743 1680 Germania,
1763 1600 1847 1665 alter
1868 1603 1902 1665 in

505 1707 604 1771 Italia
612 1707 637 1770 ³.
682 1706 738 1772 Sic
759 1710 802 1773 ad
828 1707 1009 1773 Henricum
1028 1729 1130 1792 usque
1152 1709 1294 1792 primum
1317 1727 1375 1790 per
1399 1707 1562 1772 masculos
1584 1729 1715 1791 semper
1736 1712 1778 1775 de
1800 1713 1903 1795 stirpe

507 1819 615 1883 Caroli
638 1818 803 1895 exstitere,
822 1831 855 1883 et
878 1821 1024 1884 coronati
1047 1819 1114 1884 sere
1139 1839 1255 1883 omnes
1265 1817 1287 1883 ⁴.
1332 1818 1427 1883 Licet
1452 1820 1555 1883 etiam
1577 1821 1759 1885 tenuissent
1784 1832 1902 1905 pacate

505 1931 693 2014 Berengarii
725 1931 897 2013 imperium
927 1941 1035 1996 totum
1068 1930 1309 2014 Longobardici
1336 1932 1504 2013 sanguinis
1530 1930 1702 2014 principes,
1730 1953 1795 1996 non
1825 1935 1902 2000 ideo

505 2043 603 2105 desiit
618 2041 791 2124 imperium
806 2051 928 2120 tamen,
942 2041 1067 2106 familia
1082 2042 1193 2107 Caroli
1212 2062 1278 2105 non
1297 2043 1489 2125 imperante.
1533 2042 1611 2107 Non
1626 2053 1677 2107 est
1690 2043 1780 2109 aliud
1797 2046 1902 2128 impe·

505 2153 588 2217 rium
604 2153 775 2217 desinente
786 2152 909 2216 familia
922 2153 1102 2218 Caesarum
1118 2155 1288 2237 imperare.
1322 2153 1399 2217 Non
1416 2162 1466 2217 est
1481 2152 1568 2216 aliud
1587 2153 1759 2236 imperium
1776 2167 1902 2222 mutata

503 2264 583 2328 sede
605 2263 743 2346 imperii.
797 2264 975 2347 Imperium
1003 2265 1132 2330 Romae
1154 2265 1252 2339 idem,
1277 2275 1310 2330 et
1333 2263 1630 2346 Constantinopoli,
1652 2275 1687 2328 et
1710 2265 1899 2344 Rauennae,

503 2384 537 2438 et
561 2375 696 2458 Pragae.
749 2374 897 2440 Auctum
920 2376 953 2440 in
977 2376 1209 2460 Septentrione
1232 2385 1291 2454 est,
1313 2375 1402 2458 quod
1425 2375 1624 2439 diminutum
1646 2376 1725 2440 alibi
1748 2388 1798 2442 est
1819 2398 1900 2461 gen·

503 2487 595 2566 tium,
610 2496 644 2550 et
664 2495 794 2550 tantum
815 2507 881 2550 non
899 2486 1054 2552 deletum.
1098 2487 1145 2552 Et
1158 2486 1280 2558 alluuio
1294 2487 1459 2569 quaedam
1476 2485 1529 2550 hic
1545 2497 1595 2550 est
1610 2487 1706 2552 iacta.
1735 2488 1841 2570 qualis
1862 2490 1900 2555 fit

504 2598 694 2664 naturaliter
721 2618 976 2680 nonnumquam,
1002 2607 1039 2662 ut
1068 2609 1183 2681 pereat
1208 2618 1287 2680 ager
1311 2599 1354 2661 ab
1380 2617 1445 2661 una
1471 2607 1573 2680 parte,
1600 2599 1656 2680 qui
1682 2620 1741 2681 per
1761 2601 1899 2665 alteram

502 2719 646 2774 crescat:
678 2719 712 2773 et
739 2709 828 2772 idem
854 2718 967 2773 manet
992 2729 1071 2791 ager
1079 2709 1101 2774 ⁶.
1143 2708 1231 2772 idem
1255 2718 1367 2772 manet
1391 2729 1489 2786 mare,
1511 2710 1600 2792 quod
1623 2720 1752 2792 partem
1778 2711 1898 2776 alicubi

502 2821 624 2885 deserit
645 2829 759 2898 terrae,
782 2830 816 2885 et
838 2829 966 2902 partem
989 2819 1067 2885 alibi
1090 2820 1186 2903 capit.
1214 2820 1303 2884 idem
1326 2830 1377 2884 est
1400 2819 1523 2884 flumen
1545 2841 1684 2904 quoque,
1707 2822 1770 2886 etsi
1793 2834 1899 2888 mutet

501 2931 642 2996 alueum.
687 2931 750 2994 Est
769 2932 959 2994 Romanum
978 2929 1150 3014 imperium
1168 2951 1305 3013 semper,
1321 2932 1382 2994 etsi
1400 2940 1546 2995 transeat
1568 2952 1589 2995 a
1611 2932 1741 3014 regibus
1759 2934 1803 2996 ad
1821 2953 1899 2999 con·

501 3042 597 3120 sules,
623 3063 643 3107 a
669 3041 856 3107 consulibus
882 3042 925 3105 ad
952 3042 1173 3124 imperatores.
1230 3041 1276 3106 Et
1301 3042 1453 3124 quamuis
1479 3042 1531 3106 isti
1558 3043 1773 3125 imperatores
1799 3046 1899 3110 modo

501 3155 706 3218 successione
727 3154 800 3232 sint,
819 3153 919 3217 modo
938 3152 1116 3218 electione:
1139 3163 1239 3235 atque
1258 3153 1321 3220 hac
1342 3155 1442 3217 modo
1465 3153 1615 3232 militum,
1635 3156 1735 3219 modo
1757 3167 1899 3234 senatus,

501 3275 534 3330 et
557 3285 644 3328 nunc
666 3263 783 3328 horum
802 3265 1046 3348 septemuirum.
1092 3263 1214 3329 Forma
1237 3265 1363 3348 imperii
1388 3265 1532 3328 Romani
1555 3275 1684 3330 mutata
1706 3275 1757 3332 est
1779 3287 1897 3350 saepe:

499 3377 558 3440 sed
576 3377 766 3440 Romanurn
788 3375 961 3458 imperium
982 3383 1094 3440 manet
1111 3396 1250 3459 semper.
1296 3377 1430 3440 Nouum
1449 3376 1622 3459 imperium
1640 3376 1737 3441 suita
1752 3377 1899 3443 Romulo

501 3488 711 3553 Romanum:
734 3489 823 3570 quod
847 3489 1027 3552 deductum
1043 3497 1076 3552 et
1096 3488 1286 3553 deiunctum
1306 3509 1350 3551 ex
1365 3487 1509 3566 Albano,
1528 3509 1587 3570 per
1606 3509 1643 3553 se
1660 3489 1752 3554 stetit
1776 3501 1809 3554 et
1832 3511 1898 3555 cre-

500 3601 557 3665 uit.
603 3600 650 3664 Et
672 3599 769 3665 desiit
791 3599 963 3664 Albanum
986 3619 1066 3677 esse,
1087 3602 1176 3682 quod
1199 3619 1348 3664 euersum
1370 3619 1390 3662 a
1411 3598 1518 3678 Tullo,
1541 3601 1777 3666 transuelatum
1799 3603 1898 3685 inque

499 3720 708 3794 corporatum
731 3711 793 3775 suit
814 3712 848 3774 in
871 3712 1069 3776 Romanum.
1115 3709 1171 3775 Sic
1187 3712 1279 3774 unita
1301 3710 1437 3776 ecclesia
1458 3710 1553 3774 alteri
1576 3713 1697 3776 desinit
1722 3712 1793 3796 ipsa
1815 3733 1896 3778 esse.

498 3823 546 3887 sic
564 3822 653 3904 quod
669 3823 703 3884 in
717 3822 858 3885 alterum
874 3822 1117 3887 transferaturt
1163 3821 1339 3887 Desierunt
1354 3830 1405 3886 tot
1424 3822 1489 3886 alia
1509 3842 1610 3904 regna
1632 3832 1666 3887 et
1685 3824 1896 3906 respublicae,

498 3952 584 4014 quae
610 3952 766 4014 oppressa
795 3933 894 3997 armis
926 3932 1153 3996 Romanorum
1180 3932 1332 4012 luerunt3
1370 3944 1403 3999 et
1429 3935 1473 3999 de
1499 3935 1650 4012 dominis,
1677 3936 1748 4000 siue
1776 3937 1896 4018 liberis,

499 4043 587 4108 lacta
609 4052 686 4107 sunt
704 4063 799 4106 serua
807 4043 829 4109 ⁷.
873 4042 929 4108 Sic
948 4044 1032 4108 alius
1055 4044 1103 4120 fit,
1121 4053 1156 4108 et
1177 4045 1298 4109 desinit
1321 4066 1401 4124 esse,
1417 4047 1474 4128 qui
1495 4067 1610 4112 seruus
1632 4047 1680 4114 fit.
1710 4058 1747 4114 ut
1769 4059 1895 4125 contra,

498 4161 555 4244 qui
578 4161 616 4225 fit
637 4162 680 4225 de
701 4181 797 4225 seruo
819 4162 909 4240 liber,
932 4171 966 4226 et
987 4161 1070 4226 alius
1093 4162 1139 4241 fit,
1157 4173 1192 4228 et
1214 4183 1300 4228 nunc
1322 4185 1395 4229 esse
1417 4165 1552 4248 incipiat
1563 4165 1586 4231 ⁸.
1631 4166 1688 4232 Sic
1710 4177 1744 4232 et
1766 4167 1894 4246 fluuius,

645 4357 767 4409 ¹Bonfin.
781 4360 880 4424 1.Ung.
894 4373 936 4416 103
955 4359 1042 4410 Guice.
1056 4343 1122 4426 13(
1193 4362 1284 4427 'Egn
1296 4363 1340 4413 lib.
1354 4378 1377 4426 3.
1487 4366 1575 4416 ’lust
1589 4368 1688 4418 1.Ann.
1700 4367 1747 4419 Ge.

736 4441 746 4470 ⁴
762 4441 824 4493 Bell.
835 4442 867 4492 de
877 4441 935 4491 Tra.
948 4443 1013 4508 Imp.
1023 4442 1067 4494 lib.
1081 4459 1103 4493 a.
1114 4459 1137 4494 e.
1150 4456 1172 4495 1.
1271 4445 1281 4475 ⁵
1297 4445 1315 4497 l.
1327 4444 1367 4509 64.
1379 4447 1411 4498 de
1422 4448 1495 4498 euiet.
1507 4449 1553 4510 (D.
1568 4463 1606 4500 21.
1620 4453 1654 4514 a).

661 4525 671 4554 ⁸
688 4525 748 4576 lust.
760 4524 791 4575 de
802 4523 844 4576 fid.
857 4524 909 4576 her.
922 4527 956 4589 (2.
971 4527 1026 4589 23);
1043 4525 1105 4576 Dec.
1117 4541 1186 4577 cons.
1203 4537 1257 4591 174.
1475 4530 1484 4560 l
1503 4531 1564 4584 Dec.
1577 4547 1598 4595 3.
1611 4549 1677 4584 cons
1694 4547 1731 4598 19.

799 4605 921 4672 ¹l.4de
932 4624 969 4658 ca.
981 4608 1024 4660 mi.
1036 4607 1083 4673 (D.
1094 4623 1119 4673 4.
1130 4609 1169 4673 5);
1187 4607 1205 4658 1.
1219 4611 1315 4675 nonde
1326 4625 1377 4676 reg.
1388 4611 1422 4662 iu.
1434 4612 1480 4677 (D.
1493 4627 1533 4677 ⁵0·
1547 4615 1596 4676 17).
