4604 5562
757 789 817 843 DE
847 789 950 844 IURE
979 788 1113 859 BELLI‚
1143 789 1271 860 LIB.I,
1302 789 1389 844 [ΑΡ.
1412 789 1498 845 XIX.

431 1029 589 1094 Defendit
604 1029 739 1111 quidem
755 1048 831 1092 suos
848 1027 947 1106 Dido,
962 1027 1019 1092 sed
1036 1027 1164 1110 priuata
1180 1026 1314 1102 ratione,

654 1197 734 1259 ‘Res
755 1197 835 1270 dura,
857 1210 885 1258 et
905 1199 988 1274 regni
1009 1198 1124 1258 nouitas
1144 1216 1192 1257 me
1213 1197 1281 1258 talia
1302 1208 1412 1274 cogunt

655 1305 781 1376 ‘Moliri
803 1315 832 1365 et
852 1305 908 1365 late
930 1305 1003 1365 fines
1024 1305 1145 1366 custode
1166 1301 1257 1364 tueri?

434 1487 502 1552 Sed
517 1487 566 1551 ius
580 1487 734 1569 generale
749 1497 799 1552 est
814 1488 903 1571 quod
919 1488 1003 1552 dico.
1048 1487 1166 1569 Atque
1182 1488 1227 1551 ita
1243 1487 1391 1562 Latinus,

655 1658 721 1717 ‘Ne
743 1657 833 1734 fugite
854 1657 1022 1734 hospitium,
1043 1677 1118 1718 neue
1140 1658 1280 1735 ignorate,
1302 1657 1433 1728 Latinos,

656 1763 791 1823 ‘Saturni
812 1773 940 1840 gentem,
961 1763 1040 1823 haud
1060 1765 1167 1836 uinclo,
1190 1783 1245 1824 nec
1267 1764 1380 1840 legibus
1401 1780 1533 1839 aequam,

656 1869 787 1946 ‘Sponte
808 1888 869 1942 sua,
890 1871 1053 1947 ueterisque
1074 1869 1131 1929 Dei
1152 1888 1184 1929 se
1204 1887 1287 1929 more
1308 1867 1474 1928 tuentem¹.'

433 2052 533 2136 Quod
558 2062 616 2131 est,
632 2061 722 2118 tutos
744 2050 892 2136 hospites
914 2051 1036 2116 habere
1051 2054 1139 2134 apud
1162 2072 1198 2116 se
1220 2050 1360 2115 naturali
1383 2049 1551 2126 instinctu,
1566 2070 1633 2113 non
1655 2049 1723 2114 lata
1743 2050 1825 2132 lege,

434 2169 491 2230 sed
518 2176 605 2231 nata.
650 2166 700 2230 Ut
722 2175 841 2249 sponte
864 2175 923 2244 est,
941 2165 1029 2248 quod
1053 2163 1202 2228 naturale
1225 2172 1283 2228 est.
1328 2163 1517 2226 Audiamus
1540 2171 1574 2226 et
1596 2162 1639 2225 de
1661 2161 1839 2238 Cicerone,¹

434 2275 628 2340 ‘Seruanda
645 2277 865 2341 communitas
883 2276 916 2339 in
935 2275 1089 2339 omnibus
1104 2275 1210 2349 rebus,
1227 2293 1309 2356 quas
1324 2273 1367 2336 ad
1383 2291 1593 2336 communem
1609 2293 1705 2336 usum
1722 2272 1835 2335 homi·

435 2390 535 2451 ‘num
563 2397 680 2452 natura
705 2389 829 2470 genuit.
867 2388 913 2452 sic
940 2397 977 2451 ut
1003 2387 1036 2449 in
1062 2385 1246 2469 prouerbio,
1272 2384 1467 2448 Amicorum
1494 2384 1605 2447 omnia
1631 2385 1828 2448 communia.

436 2499 624 2582 ‘Quicquid
643 2501 713 2564 sine
728 2501 927 2565 detrimento
942 2499 1046 2582 possit
1061 2498 1273 2575 commodari,
1290 2497 1324 2561 id
1343 2496 1507 2560 tribuatur
1524 2497 1579 2559 uel
1602 2496 1726 2579 ignoto.
1772 2496 1829 2558 Ex

435 2613 524 2694 ‘quo
549 2621 627 2676 sunt
653 2611 709 2675 illa
736 2613 932 2688 communia,
957 2611 1035 2674 Non
1058 2597 1231 2693 prohibere
1250 2629 1337 2690 aqua
1360 2605 1560 2690 profluente:
1590 2607 1664 2671 Pati
1687 2606 1729 2669 ab
1753 2607 1830 2688 igne

436 2723 566 2806 ‘ignem
590 2745 707 2806 capere
716 2721 749 2786 ².'
794 2723 850 2789 Sic
873 2724 962 2805 quod
986 2722 1034 2786 ait
1057 2722 1193 2800 Seneca,
1213 2720 1316 2803 ‘Quis
1339 2718 1533 2784 beneficium
1556 2720 1651 2798 dixit,
1670 2719 1753 2800 ignis
1775 2739 1830 2782 ac·

436 2834 619 2898 ‘tendendi
634 2833 756 2898 iactam
772 2830 1030 2917 potestatemii'
1076 2832 1157 2905 Imo‚
1175 2831 1263 2913 quod
1280 2831 1397 2912 aliquis
1413 2830 1501 2912 apud
1521 2829 1685 2908 Plautum,
1700 2828 1830 2892 ‘Datur

436 2944 550 3027 ‘ignis
570 2947 702 3010 tametsi
721 2945 763 3010 ab
781 2945 920 3009 inimicis
937 2940 1051 3027 petas?
1096 2942 1183 3008 ‘Cur
1208 2952 1244 3007 tu
1268 2963 1390 3024 aquam
1416 2961 1554 3024 grauare
1576 2941 1705 3018 amabo,
1728 2960 1829 3023 quam

436 3055 562 3121 ‘hostis
583 3056 670 3121 hosti
693 3054 941 3122 commodat⁴?’
985 3055 1108 3132 Etiam,
1127 3075 1247 3138 panem
1270 3054 1313 3117 ab
1335 3053 1485 3118 hostibus
1506 3054 1729 3135 impetratum,
1748 3052 1829 3134 legi·

437 3187 509 3230 mus
517 3168 539 3234 ⁵.
585 3168 654 3233 Sed
675 3168 781 3234 officia
803 3167 885 3232 haec
907 3167 1121 3230 humanitatis
1143 3185 1210 3230 non
1231 3175 1342 3230 statuo
1366 3162 1456 3247 leges
1482 3163 1640 3229 hostibus.
1686 3164 1740 3227 De
1762 3183 1830 3226 non

436 3277 584 3343 hostibus
602 3299 689 3343 nunc
706 3279 789 3343 dico.
834 3277 958 3342 Noster
975 3277 1143 3360 legislator
1160 3276 1365 3358 supradictas
1384 3295 1435 3338 res
1453 3294 1577 3353 omnes,
1593 3283 1627 3338 et
1642 3295 1738 3338 usum
1754 3294 1830 3357 por·

436 3397 530 3454 tuum
549 3391 667 3454 eadem
685 3389 878 3454 definitione
896 3397 988 3453 notat
997 3387 1020 3450 θ.
1066 3387 1120 3450 De
1134 3388 1253 3468 quibus
1271 3386 1491 3468 intelligimus,
1507 3387 1596 3467 quod
1616 3385 1696 3449 illud
1713 3386 1762 3448 ius
1778 3385 1829 3463 sit,

435 3522 502 3583 quo
521 3502 617 3578 Galli,
633 3500 746 3584 Angli,
762 3502 846 3565 sorte
869 3511 903 3565 et
925 3501 979 3565 alii
995 3508 1134 3564 utuntur
1155 3500 1240 3563 circa
1262 3497 1440 3580 naufragia
1484 3498 1548 3562 Est
1569 3497 1657 3560 enim
1677 3497 1727 3559 ius
1745 3497 1829 3560 iniu-

436 3613 539 3678 rium:
562 3623 599 3677 ut
621 3613 688 3676 suis
709 3613 852 3677 dominis
874 3613 1060 3693 eripiantur,
1076 3629 1161 3692 quae
1183 3609 1287 3672 eiecta
1310 3609 1343 3671 in
1366 3607 1495 3672 illorum
1518 3616 1631 3690 portus
1653 3615 1710 3670 aut
1733 3606 1829 3670 litora

436 3732 512 3787 sunt
529 3744 588 3806 per
605 3723 821 3806 naufragium.
867 3723 914 3787 Et
936 3743 1015 3786 uero
1039 3721 1276 3784 Iustinianeum
1295 3718 1353 3797 ius,
1371 3719 1460 3801 quod
1479 3719 1522 3782 de
1540 3717 1680 3782 naturali
1699 3727 1733 3780 et
1750 3738 1830 3799 gen-

436 3835 520 3897 tium
537 3836 606 3898 iure
622 3834 801 3918 plurimum
819 3834 995 3899 collectum
1012 3843 1070 3911 est,
1085 3833 1205 3896 iniusta
1222 3831 1304 3894 haec
1322 3829 1409 3894 facta
1428 3832 1627 3896 condemnat
1645 3829 1712 3894 late
1729 3840 1831 3912 atque

437 3946 623 4010 seueriter⁷.
679 3946 725 4011 Et
750 3947 961 4011 Andronicus
990 3946 1168 4027 imperator
1193 3943 1403 4026 pertinaciter
1429 3941 1541 4018 uoluit,
1567 3942 1631 4006 hoc
1660 3942 1750 4007 idem
1778 3943 1832 4005 ius

437 4066 585 4122 nostrum
607 4058 795 4124 obseruari:
823 4068 857 4124 et
879 4058 1050 4140 piraticam
1074 4057 1170 4120 istam
1193 4056 1470 4120 inhumanitatem
1493 4055 1695 4137 compescuit
1716 4054 1831 4138 poenis

437 4171 654 4252 asperioribus
664 4169 686 4236 ⁸.
731 4172 931 4254 Quanquam
950 4192 1028 4234 uero
1046 4191 1142 4234 usum
1160 4169 1277 4233 horum
1296 4169 1445 4234 omnium
1463 4169 1602 4232 dicimus
1621 4187 1830 4232 communem

435 4537 438 4542 ,
503 4463 598 4529 ¹Virg.
612 4478 632 4513 ι.
644 4465 707 4515 Aen.
719 4463 737 4516 1.
750 4463 806 4530 563,
820 4465 882 4514 Aen.
895 4474 917 4529 7.
930 4464 946 4513 l.
959 4477 1014 4528 ²03·
1137 4463 1217 4514 'Cic
1232 4463 1296 4514 1.de
1307 4462 1357 4512 off.
1371 4475 1409 4526 15.
1533 4461 1616 4511 ’Sem
1628 4477 1651 4523 4.
1664 4460 1695 4509 de
1707 4460 1766 4511 Ben.

632 4543 727 4600 ‘Plau
739 4547 790 4596 Tri.
804 4560 827 4608 3.
840 4561 862 4605 2,
873 4546 921 4596 Ru.
935 4561 993 4611 ²·4·
1087 4544 1167 4598 ⁵Plu.
1178 4544 1220 4608 Sy.
1318 4543 1405 4594 ‘Inst
1417 4544 1448 4593 de
1459 4559 1492 4592 re.
1503 4543 1537 4595 di.
1550 4545 1586 4606 (a.
1600 4543 1634 4603 1).

463 4623 534 4676 D.de
542 4626 575 4676 in.
583 4643 618 4677 iu.
627 4644 667 4678 na.
677 4629 730 4692 (47.
739 4631 781 4694 9);
793 4629 862 4681 C.de
871 4628 950 4679 usust.
960 4631 1011 4692 (11.
1021 4630 1059 4692 5);
1071 4627 1180 4678 Autheu.
1189 4627 1299 4691 nauigim
1315 4628 1345 4677 C.
1354 4625 1386 4675 de
1394 4625 1439 4676 iur.
1452 4624 1488 4690 (6.
1498 4626 1532 4688 2).
1566 4623 1576 4653 ⁸
1591 4621 1741 4674 Nicetndib.
1751 4634 1772 4670 a.
1780 4635 1800 4668 e
1809 4633 1832 4681 3.
