4456 5566
474 717 515 777 14
961 705 1164 761 ALBERICI
1191 706 1392 762 GENTILIS

472 947 608 1012 Publica
630 967 709 1030 ergo
732 965 804 1010 esse
826 965 918 1010 arma
940 945 1094 1029 utrinque
1120 955 1260 1030 oportet,
1283 956 1317 1012 et
1344 947 1498 1030 utrinque
1523 967 1595 1012 esse
1618 947 1793 1032 Principes,
1819 949 1876 1034 qui

471 1059 598 1124 bellum
613 1067 741 1140 gerant.
785 1055 886 1142 Quod
910 1066 944 1121 et
959 1057 1150 1140 Augustino
1159 1055 1179 1136 ¹,
1196 1067 1230 1122 et
1246 1057 1379 1141 reliquis
1404 1059 1511 1122 uisum
1528 1059 1718 1142 Theologis.
1744 1069 1777 1124 et
1793 1062 1877 1128 ratio

472 1171 639 1237 ostendit:
661 1169 739 1253 quia
760 1189 804 1234 ex
823 1169 1019 1234 necessitate
1038 1168 1162 1233 bellum
1179 1169 1402 1235 introductum
1418 1179 1468 1234 est
1478 1167 1499 1234 ².
1533 1190 1619 1253 quae
1642 1180 1700 1250 est,
1718 1171 1876 1254 quoniam

474 1283 561 1348 inter
574 1301 722 1346 summos
737 1279 913 1364 Principes,
929 1281 1112 1365 populosue
1127 1281 1248 1346 liberos
1263 1280 1323 1346 lori
1339 1281 1596 1364 disceptationes
1611 1302 1683 1347 esse
1698 1292 1876 1366 nequeunt,

475 1395 537 1459 nisi
560 1395 645 1458 inter
659 1393 816 1458 uolentes.
846 1393 903 1476 qui
927 1393 1068 1458 iudicem
1093 1393 1217 1458 scilicet
1235 1412 1302 1458 non
1325 1392 1459 1472 habent,
1475 1401 1509 1458 et
1531 1395 1742 1476 superiorem.
1781 1396 1876 1462 etsie

475 1507 596 1572 summi
612 1515 697 1585 sunt,
713 1515 746 1570 et
761 1504 967 1588 publicorum
985 1505 1244 1589 appellationem
1260 1514 1427 1570 merentur
1441 1504 1502 1571 soli
1512 1504 1535 1566 ³.
1563 1505 1678 1588 reliqui
1693 1517 1805 1574 autem
1828 1507 1877 1570 in·

475 1619 608 1686 seriores
624 1637 739 1683 omnes
755 1617 827 1682 loco
843 1617 1047 1700 priuatorum
1063 1627 1248 1682 censentur.
1286 1617 1364 1682 Non
1383 1627 1433 1682 est
1449 1617 1590 1700 Principi
1606 1619 1639 1682 in
1655 1619 1749 1682 terris
1765 1619 1876 1684 iudex.

473 1739 532 1796 aut
554 1731 609 1796 ille
625 1730 781 1812 Princeps
803 1749 871 1793 non
893 1737 954 1805 est,
970 1749 1069 1811 supra
1083 1749 1183 1812 quem
1199 1728 1287 1811 capit
1307 1729 1390 1794 alius
1413 1729 1521 1794 locum
1537 1727 1690 1812 primum.
1735 1729 1782 1794 Et
1798 1750 1877 1795 uero

474 1843 521 1908 sic
547 1863 583 1906 se
606 1841 715 1906 ierunt
741 1840 918 1922 Principes.
959 1847 993 1904 et
1015 1839 1162 1923 optimus
1185 1839 1231 1905 sic
1255 1841 1387 1905 dicebat
1410 1841 1597 1924 Imperator
1619 1841 1667 1906 M.
1685 1840 1842 1906 Aurelius
1853 1840 1877 1910 ⁴.

475 1955 706 2020 Necessarium
731 1953 843 2036 itaque
872 1952 1028 2018 iudicium
1055 1971 1220 2016 armorum
1244 1952 1329 2017 inter
1353 1952 1415 2016 hos
1443 1952 1548 2018 luerit.
1603 1953 1733 2018 Bellum
1757 1955 1877 2038 (inquit

475 2063 732 2146 Demosthenes)
752 2073 867 2129 contra
881 2063 942 2128 hos
963 2072 1023 2142 est,
1037 2064 1094 2146 qui
1111 2062 1238 2146 legibus
1254 2073 1421 2147 nequeunt
1439 2065 1600 2129 coerceri:
1624 2064 1743 2130 iudicia
1763 2075 1876 2132 autem

474 2179 508 2244 in
531 2178 620 2243 ciues
643 2177 853 2244 redduntur⁶.
898 2177 1018 2260 Neque
1041 2196 1116 2240 eam
1139 2186 1252 2242 tamen
1275 2176 1328 2241 hic
1355 2177 1503 2260 intelligo
1526 2177 1765 2258 necessitatem,
1790 2199 1876 2262 quae

473 2289 666 2373 saepissime
696 2309 763 2354 non
791 2289 969 2353 necessitas
1000 2309 1072 2352 esse
1098 2308 1164 2352 non
1194 2288 1310 2372 possit.
1363 2287 1453 2352 Nam
1483 2296 1520 2353 ut
1549 2288 1617 2353 duo
1647 2299 1724 2355 sunt
1753 2311 1876 2374 genera

473 2402 673 2482 decertandi,
688 2421 791 2466 unum
813 2421 872 2483 per
893 2400 1177 2483 disceptationem,
1191 2399 1332 2464 alterum
1352 2420 1412 2482 per
1430 2401 1497 2464 uim
1507 2399 1539 2465 ⁶:
1563 2401 1610 2466 ita
1624 2402 1667 2466 ad
1683 2401 1747 2467 hoc
1762 2402 1875 2468 conlu-

472 2513 631 2598 giendum
653 2534 721 2578 uon
744 2503 803 2592 est,
819 2513 846 2576 si
864 2512 912 2578 uti
931 2513 1098 2594 superiore
1120 2511 1240 2576 licebit.
1296 2511 1391 2577 Haec
1413 2521 1465 2577 est
1486 2513 1673 2592 necessitas,
1698 2535 1784 2597 quae
1806 2514 1876 2579 bel-

473 2627 544 2696 lum
564 2626 729 2705 iustificat,
744 2645 848 2709 quum
869 2624 912 2690 ad
927 2624 1051 2688 bellum
1068 2634 1220 2689 extremo
1241 2623 1315 2688 loco
1335 2623 1540 2707 confugitur:
1564 2625 1611 2690 ait
1628 2625 1784 2692 Baldus⁷.
1829 2626 1876 2692 Et

474 2739 538 2806 hoc
554 2748 613 2817 est,
628 2739 717 2822 quod
735 2738 878 2802 Romani
893 2758 1073 2820 prouocare
1088 2737 1247 2816 solebant,
1264 2746 1300 2801 ut
1315 2735 1424 2800 uerbis
1445 2747 1479 2802 et
1494 2737 1614 2802 iudicio
1635 2739 1876 2804 controuersiae

474 2851 653 2929 finirentur,
671 2870 738 2913 non
760 2850 803 2915 ad
825 2869 918 2914 arma
939 2847 1071 2914 iretur⁸.
1115 2848 1171 2914 Sic
1186 2847 1353 2912 Ardeates
1374 2858 1408 2914 et
1422 2847 1569 2915 Aricini:
1593 2851 1639 2916 sic
1655 2851 1876 2934 Neapolitani,

475 2971 510 3028 et
525 2961 647 3028 Nolani
666 2964 709 3026 ad
725 2961 881 3027 iudicium
897 2960 1011 3044 populi
1035 2960 1179 3024 Romani
1201 2962 1334 3039 adeunt,
1349 2960 1489 3026 afferunt
1505 2965 1742 3028 controuersias
1751 2964 1774 3027 ⁰.
1820 2962 1876 3029 Sic

475 3074 643 3141 Samnites
652 3083 836 3157 prouocant
848 3074 880 3136 in
893 3071 1168 3155 disceptationem
1180 3071 1351 3136 Romanos
1360 3093 1472 3138 coram
1484 3075 1714 3140 communibus
1725 3072 1875 3140 amicis¹⁰.

475 3185 522 3251 Et
544 3185 768 3252 Archidamus
790 3185 930 3264 dicebat,
949 3204 1015 3248 non
1033 3183 1220 3266 legitimum
1242 3203 1323 3262 esse,
1338 3186 1440 3250 armis
1462 3186 1508 3250 ire
1527 3186 1704 3251 aduersum
1731 3208 1797 3266 eos,
1819 3189 1875 3272 qui

473 3298 615 3364 offerunt
638 3320 674 3363 se
696 3294 859 3364 iudicio¹¹.
904 3296 951 3361 Et
975 3294 1082 3378 Cyrus
1106 3295 1174 3378 (qui
1198 3305 1248 3360 est
1265 3295 1490 3379 Xenophonti,
1512 3297 1713 3381 Philosopho
1736 3319 1876 3380 summo,

474 3419 508 3476 et
527 3431 657 3476 summo
675 3409 881 3494 Imperatori,
897 3407 1015 3492 optimi
1035 3406 1208 3490 exemplar
1229 3407 1374 3472 effictum
1396 3408 1566 3492 Principis)
1588 3431 1699 3493 regem
1717 3411 1875 3476 Indorum

474 3523 616 3588 iudicem
637 3523 700 3588 lert
720 3523 791 3603 sibi,
807 3522 1015 3605 Assyrioque
1024 3519 1059 3580 ¹2.
1102 3521 1149 3585 Et
1163 3519 1227 3600 alii,
1241 3520 1438 3603 barbarique
1454 3519 1514 3608 (sic
1529 3531 1646 3586 notum
1661 3522 1724 3588 hoc
1744 3525 1795 3588 ius
1816 3534 1874 3600 est,

473 3645 507 3700 et
529 3636 592 3700 ista
614 3656 681 3700 non
704 3635 880 3700 necessitas
903 3632 996 3719 nota)
1019 3633 1162 3698 iudicem
1184 3633 1489 3714 controuersiarum,
1512 3643 1545 3698 et
1567 3632 1730 3699 bellorum
1754 3633 1876 3701 Adria·

473 3768 562 3826 num,
580 3746 798 3826 Antoninum,
821 3747 1042 3830 Imperatores
1066 3746 1238 3810 Romanos
1260 3766 1407 3810 sumsere
1415 3743 1450 3810 ¹³.
1500 3747 1546 3811 Et
1565 3745 1705 3812 Carolus
1727 3745 1875 3832 Quartus

474 3859 659 3942 Imperator
669 3861 779 3924 aditus
789 3861 892 3924 iudex
903 3881 923 3923 a
935 3859 1070 3938 Franco,
1083 3867 1116 3922 et
1127 3857 1251 3940 Anglo,
1264 3858 1396 3941 regibus
1406 3855 1441 3918 ¹⁴.
1469 3859 1515 3924 Et
1532 3859 1696 3924 Henricus
1711 3863 1876 3927 secundus

473 3969 619 4052 Angliae
640 3970 717 4035 Rex
740 3992 760 4036 a
783 3971 913 4053 regibus
935 3971 1045 4034 aditus
1069 3969 1244 4048 Castellae,
1267 3978 1301 4033 et
1328 3969 1509 4036 Nauarrae.
1563 3973 1609 4036 Et
1634 3971 1739 4038 altero
1763 3974 1875 4039 seculo

472 4081 633 4165 Aragonii
660 4103 753 4166 reges
780 4081 940 4165 Neapolis
961 4083 1005 4146 de
1031 4101 1131 4163 regno
1158 4081 1223 4160 illo,
1250 4082 1284 4146 in
1310 4083 1534 4148 controuersia
1562 4104 1638 4148 cum
1665 4083 1764 4150 Gallo
1789 4105 1874 4170 rege,

474 4309 482 4340 ¹
494 4310 560 4374 Aug.
575 4322 613 4358 aa.
626 4307 687 4357 Fau.
701 4317 740 4372 75.
801 4306 811 4335 ²
827 4307 888 4357 Iust.
903 4321 923 4357 1.
939 4319 959 4354 2.
1020 4305 1030 4335 ⁸
1045 4303 1063 4354 l.
1073 4302 1110 4355 16.
1122 4304 1153 4353 de
1161 4304 1192 4352 V.
1208 4303 1233 4355 S.
1247 4303 1292 4367 (D.
1302 4319 1342 4368 50.
1352 4302 1408 4367 16),
1422 4303 1512 4368 13:14.
1525 4321 1593 4357 cons.
1606 4321 1649 4370 52:
1661 4306 1737 4358 Arist.
1749 4323 1773 4371 4
1785 4309 1839 4360 Pol.
1851 4325 1874 4373 4.

569 4389 579 4418 ⁴
596 4389 692 4456 Xiphil.
705 4389 772 4455 Epir.
783 4388 827 4440 lib.
841 4399 880 4452 71.
1000 4386 1010 4418 ⁸
1026 4386 1100 4437 Dem.
1112 4386 1143 4436 de
1156 4385 1242 4437 Chers.
1256 4389 1292 4452 (p.
1301 4387 1354 4451 97).
1474 4386 1485 4416 ⁸
1501 4388 1555 4438 Cic.
1567 4401 1588 4438 1.
1599 4389 1631 4438 de
1643 4387 1691 4440 Off.
1704 4405 1726 4440 c.
1739 4402 1775 4438 rr.

701 4471 712 4502 ¹
729 4472 783 4523 Bal.
795 4487 818 4536 5.
831 4487 898 4522 cous.
910 4485 966 4536 439.
1171 4467 1181 4498 ⁸
1197 4468 1302 4533 Dionys.
1315 4469 1368 4520 Ecl.
1377 4469 1408 4520 de
1420 4469 1496 4535 Lege.
1508 4473 1544 4536 (p.
1559 4470 1643 4533 2326).

503 4555 585 4607 ’Liu
595 4570 651 4620 pc.
667 4565 710 4618 71:
728 4555 833 4620 DIonys.
846 4555 906 4606 Ant.
918 4554 962 4605 lib.
974 4553 1000 4604 ii.
1012 4570 1037 4619 p.
1050 4551 1121 4604 2286.
1204 4550 1223 4582 ¹⁹
1238 4551 1294 4603 Liu.
1306 4551 1349 4603 lib.
1362 4552 1386 4600 8.
1397 4569 1419 4604 c.
1431 4568 1466 4604 ro.
1551 4553 1570 4583 ¹¹
1586 4553 1665 4604 Thac.
1677 4552 1787 4606 libne.
1800 4553 1840 4618 85.

539 4638 558 4669 ¹¹
573 4638 637 4690 Xen.
651 4653 673 4690 a.
685 4641 778 4706 Cyrop.
791 4653 813 4689 c.
826 4653 850 4704 4.
916 4635 934 4668 ¹⁸
951 4633 1234 4699 Zon.11Aunalc.23.
1309 4633 1328 4666 ¹⁴
1344 4635 1431 4699 Polyd.
1440 4636 1514 4701 Verg.
1527 4635 1593 4701 Aug.
1606 4634 1650 4685 lib.
1665 4650 1703 4698 ao,
1716 4635 1759 4688 lib.
1770 4649 1809 4700 ¹³·

762 4771 873 4780 ..ι-...-
