4456 5566
504 749 542 795 12
989 733 1191 789 ALBERICI
1218 733 1418 790 GENTILIS

500 973 614 1040 hostes
630 973 885 1037 nominabantur
895 970 915 1036 ¹.
960 970 1006 1036 Et
1021 971 1055 1034 in
1072 970 1370 1036 concertationibus
1384 969 1445 1034 sori
1460 969 1611 1034 ciuilibus
1630 969 1677 1034 sic
1700 969 1903 1036 induxerunt

501 1087 582 1151 mite
596 1086 732 1150 verbum
757 1085 943 1148 conditores
966 1084 1140 1148 duodecim
1162 1083 1386 1147 Tabularum:
1418 1095 1670 1148 SEI.UECINE1.
1693 1095 1828 1147 ENTER.
1851 1095 1902 1148 SE.

500 1211 713 1276 10RGASINT,
726 1208 787 1262 etc.
823 1197 913 1279 quod
936 1189 1084 1261 laudauit
1100 1195 1215 1261 Cicero
1231 1195 1264 1259 in
1281 1195 1371 1260 libris
1386 1196 1429 1259 de
1445 1195 1640 1279 Republica,
1654 1204 1687 1259 et
1703 1195 1746 1259 de
1769 1193 1903 1262 Officiis.

500 1305 695 1388 ‘Admiror,'
718 1309 833 1391 inquit,
856 1312 934 1372 ‘nec
957 1327 1064 1371 rerum
1087 1307 1203 1386 solum,
1226 1307 1283 1370 sed
1310 1307 1487 1370 uerborum
1511 1307 1611 1371 etiarn
1636 1306 1844 1388 elegantiam,
1870 1320 1902 1370 Sl

500 1419 692 1501 IURGANT,’
715 1422 831 1504 inquit,
854 1420 1110 1485 ‘beneuolorum
1134 1420 1344 1497 concertati0,
1364 1439 1430 1484 non
1453 1419 1501 1498 lis,
1517 1419 1576 1482 sed
1600 1418 1741 1500 iurgium
1764 1416 1904 1484 dicitur.’

500 1546 533 1601 et
550 1536 695 1618 ‘iurgare
712 1534 767 1598 lex
783 1543 879 1618 putat
895 1534 980 1598 inter
997 1553 1033 1596 se
1048 1533 1183 1612 uicinos
1199 1552 1265 1596 non
1282 1531 1411 1614 litigare
1418 1529 1449 1597 ²!
1496 1531 1549 1595 De
1564 1531 1685 1614 quibus
1701 1539 1854 1595 notamus
1870 1539 1904 1596 et

499 1669 560 1713 nos
575 1647 694 1712 iudicia
710 1665 915 1710 summonrm
932 1644 1097 1709 uirorum:
1122 1665 1163 1707 ne
1177 1643 1267 1708 saeui
1285 1643 1390 1722 nimis,
1406 1643 1580 1725 asperique
1597 1643 1700 1706 simus
1716 1644 1749 1706 in
1764 1641 1906 1720 hostem,

499 1759 644 1826 uicinum
669 1758 872 1840 pracsertim.
915 1775 1002 1832 narn,
1027 1764 1063 1819 ut
1085 1756 1246 1833 audimus,
1269 1754 1374 1820 hostis
1404 1755 1584 1838 appellatio
1607 1753 1745 1818 refertur
1766 1774 1825 1837 per
1847 1774 1903 1818 eos

498 1871 542 1935 ad
572 1870 835 1933 humanitatem:
867 1878 900 1933 et
931 1867 1068 1932 lenitate
1097 1868 1188 1931 uerbi
1215 1867 1348 1932 tristitia
1373 1866 1419 1930 rei
1450 1867 1627 1948 mitigatur.
1672 1865 1719 1930 Et
1742 1887 1793 1931 res
1816 1867 1904 1931 enim

500 1981 690 2046 nominibus
727 1999 800 2043 esse
830 1987 1051 2042 consonantes
1075 1977 1198 2042 decct³.
1253 1977 1310 2043 Sic
1336 1977 1508 2042 dominum
1535 1977 1826 2060 patremfamilias;
1858 1978 1904 2043 sic

499 2113 612 2158 seruos
627 2091 804 2156 familiares
819 2090 1070 2175 appellauemnt
1079 2088 1102 2154 ⁴.
1148 2091 1201 2154 De
1212 2091 1332 2173 quibus
1347 2091 1413 2154 iarn
1429 2090 1518 2166 satis,
1534 2089 1619 2154 sorte
1637 2111 1679 2154 an
1696 2099 1730 2154 et
1745 2111 1852 2174 super.

544 2203 627 2266 Dixi
647 2203 892 2268 contentionem
909 2203 1040 2267 iustam.
1076 2202 1211 2266 Etenim
1227 2201 1351 2265 bellum
1365 2221 1436 2265 esse
1449 2202 1590 2280 iustum;
1609 2211 1643 2266 et
1661 2201 1738 2267 belli
1757 2203 1904 2266 actiones

500 2316 604 2380 iustas
626 2335 742 2380 omnes
765 2337 836 2380 esse
858 2315 944 2380 uolo.
978 2323 1011 2379 et
1034 2315 1080 2379 sic
1108 2315 1240 2392 iustum,
1263 2313 1422 2396 piumque
1451 2313 1551 2378 audio
1573 2312 1719 2378 bellum:
1755 2323 1788 2379 et
1810 2335 1904 2379 arma

500 2428 587 2492 iusta
609 2427 730 2510 piaque
740 2427 761 2493 ὅ.
816 2428 863 2493 Et
885 2427 997 2510 itaque
1019 2426 1260 2509 disputationes
1282 2445 1397 2489 omnes
1413 2435 1544 2490 nostrae
1558 2426 1601 2490 de
1618 2426 1682 2490 hoc
1705 2435 1809 2490 erunt.
1853 2426 1905 2492 At

500 2539 654 2604 uolumus
669 2539 722 2604 hic
744 2539 844 2604 etiam
868 2539 1087 2617 excursiones,
1103 2547 1137 2602 et
1153 2538 1383 2622 praedationes
1399 2537 1594 2602 excludere:
1621 2559 1707 2622 quae
1722 2539 1855 2619 iustum,
1870 2540 1904 2604 id

499 2663 560 2728 cst,
584 2660 617 2717 et
640 2651 774 2736 plenum
799 2673 966 2716 armorum
990 2660 1189 2746 apparatum
1217 2670 1284 2714 non
1309 2650 1455 2714 habent:
1490 2660 1524 2716 et
1550 2650 1673 2715 bellum
1699 2651 1789 2716 haud
1816 2663 1905 2719 recte

500 2765 659 2830 dicentur.
716 2763 772 2830 Sic
796 2765 927 2845 iustum,
950 2784 1016 2829 non
1039 2763 1146 2827 solum
1170 2764 1261 2847 quod
1285 2783 1305 2826 a
1331 2762 1400 2828 iure
1426 2773 1485 2843 est,
1511 2766 1570 2829 sed
1601 2774 1634 2828 et
1661 2766 1748 2847 quod
1780 2776 1831 2830 est
1860 2787 1904 2830 ex
1989 2832 1992 2838 ,

494 2878 591 2942 omni
618 2885 716 2960 parte¹
736 2877 928 2960 perfectum,
951 2876 1143 2959 significatt.
1191 2877 1240 2941 Ut
1263 2876 1310 2941 sic
1334 2875 1470 2956 Seneca,
1493 2879 1602 2941 ‘mare
1623 2877 1788 2959 intumuit,
1812 2879 1905 2944 iustis

502 2991 658 3072 ‘quoque
673 2989 813 3072 nauigiis
834 2988 1035 3052 horrendum
1044 2987 1076 3053 ⁷.’
1122 2986 1189 3052 Sed
1206 2987 1301 3052 etsie
1321 2986 1385 3052 alii.
1413 2997 1446 3052 et
1465 2988 1674 3053 Modestinus
1690 2990 1717 3055 I.
1734 2989 1771 3055 C.
1787 2995 1905 3056 ‘testa-

501 3111 509 3138 ‘
526 3111 676 3166 mentum
692 3111 742 3166 est
761 3101 943 3166 uoluntatis
956 3109 1087 3164 nostrae
1098 3101 1183 3164 iusta
1196 3101 1359 3165 sententia
1369 3097 1400 3164 ⁸.’
1426 3101 1515 3184 quod
1531 3103 1574 3166 de
1589 3101 1695 3185 plena,
1711 3111 1744 3167 et
1760 3103 1905 3186 perfecta

501 3215 717 3299 dispositione
740 3235 857 3293 rerum,
877 3234 962 3297 quae
984 3213 1137 3278 testatori
1157 3221 1243 3291 sunt,
1265 3213 1423 3293 omnium,
1447 3215 1627 3279 rectissime
1649 3215 1906 3299 interpretantur

500 3328 673 3394 doctiores.
719 3327 769 3392 Ut
791 3328 857 3391 sint
881 3325 1034 3390 uidelicet
1058 3325 1208 3404 codicilli,
1227 3335 1261 3390 et
1284 3346 1399 3391 omnes
1423 3326 1560 3393 ultimae
1582 3329 1769 3394 uoluntates
1791 3331 1904 3410 iustae,

499 3442 563 3507 hoc
590 3451 649 3520 est,
673 3441 741 3505 iure
767 3440 1021 3524 comprobatae:
1057 3448 1261 3503 nontamen
1288 3439 1362 3518 alia,
1386 3449 1515 3522 praeter
1538 3449 1785 3522 testamentum,
1809 3444 1905 3521 iusta,

498 3555 561 3619 hoc
584 3563 643 3633 est,
666 3553 772 3636 plena,
792 3562 825 3618 et
845 3553 888 3617 de
911 3552 1007 3616 bonis
1028 3551 1191 3630 omnibus,
1213 3551 1369 3616 uoluntas
1394 3561 1453 3631 est,
1477 3561 1511 3616 et
1534 3552 1687 3620 solennis.
1734 3556 1795 3635 Ita,
1814 3557 1903 3638 quod

501 3688 560 3731 nos
584 3667 746 3747 uolumus,
770 3666 906 3731 Tacitus
933 3665 977 3730 de
1000 3664 1120 3729 bellico
1144 3665 1315 3740 instructu,
1343 3665 1467 3745 ‘latius
1493 3685 1531 3730 ac
1558 3666 1691 3746 diutius,
1716 3689 1817 3752 quarn
1847 3689 1907 3753 per

501 3779 699 3844 ‘latrocinia
726 3777 951 3843 uastauerat⁹.'
983 3787 1016 3842 et
1043 3777 1167 3857 Liuius,
1192 3776 1438 3860 ‘populabundi
1464 3779 1575 3861 magis,
1593 3799 1694 3862 quarn
1714 3779 1801 3845 iusto
1817 3802 1907 3846 more

501 3888 657 3956 ‘belli¹⁰.’
703 3891 789 3955 Item
802 3915 810 3970 ;
835 3889 998 3954 ‘Irritatio
1012 3889 1198 3953 animorum
1217 3910 1261 3953 ex
1277 3889 1491 3971 populatione
1505 3888 1678 3974 agrorum,'
1694 3903 1755 3958 etc.
1772 3897 1907 3977 ‘postea

502 4006 510 4034 ‘
526 4003 647 4066 iustum
662 4000 788 4066 bellum
803 4000 997 4079 indicend0,’
1008 4010 1069 4066 etc.
1095 4000 1191 4080 Item,
1208 4003 1403 4084 ‘postquam
1418 4012 1553 4086 apertae
1568 4003 1723 4085 insidiae,'
1739 4015 1800 4072 etc.
1816 4011 1905 4071 ‘tum

502 4115 621 4192 ‘iust0,
637 4125 671 4178 et
686 4123 776 4180 recto
792 4108 935 4196 proelio,’
950 4122 1012 4178 etc.
1057 4113 1153 4192 Item,
1169 4112 1364 4178 ‘latrociniis
1380 4116 1493 4199 magis,
1506 4137 1606 4199 quam
1622 4117 1710 4182 iusto
1731 4115 1840 4184 bello?
1872 4131 1907 4185 et

503 4225 690 4304 Sallustius,
714 4224 905 4290 ‘latrocinio
930 4224 1045 4307 magis,
1068 4245 1168 4307 quam
1192 4225 1316 4308 proelio
1325 4224 1367 4292 ¹¹!
1413 4228 1459 4293 Et
1481 4227 1593 4312 Scipio
1618 4229 1730 4313 itaque
1752 4231 1905 4312 latrones,

534 4430 543 4461 ¹
561 4429 657 4481 Herod.
668 4427 713 4478 lib.
726 4443 750 4493 9.
763 4441 833 4479 c.11.
964 4424 974 4456 ¹
989 4426 1055 4476 Non.
1070 4426 1182 4477 Marcell.
1194 4427 1286 4484 diffenr
1303 4429 1357 4480 Cic.
1369 4441 1383 4492 5
1396 4428 1428 4480 de
1439 4431 1501 4497 Rep.
1513 4432 1536 4482 8.
1668 4433 1679 4463 ¹
1696 4433 1766 4484 Iusti.
1780 4448 1801 4482 a.
1815 4442 1835 4497 7.
1851 4447 1873 4497 3.

632 4512 641 4542 ⁴
658 4511 737 4562 Macr.
749 4525 771 4562 1.
783 4516 830 4562 sat.
843 4525 865 4560 c.
876 4523 914 4562 11.
926 4516 938 4571 ξ
952 4523 990 4559 ιι.
1121 4509 1131 4539 ⁸
1148 4510 1203 4561 Liu.
1215 4509 1259 4561 lib.
1272 4512 1311 4573 3⁸·
1323 4527 1344 4562 c
1359 4527 1396 4561 π.
1527 4513 1538 4544 ⁰
1551 4515 1607 4567 Alc.
1619 4531 1642 4580 4
1655 4515 1743 4567 Parud.
1757 4525 1779 4579 7.

565 4595 575 4626 ¹
593 4595 649 4648 Seu.
663 4605 686 4659 7.
697 4595 784 4646 Contr.
797 4607 817 4644 ι.
1163 4594 1173 4623 ⁸
1189 4593 1206 4644 l.
1221 4607 1242 4646 1.
1254 4595 1296 4660 qui
1308 4600 1363 4647 test.
1375 4594 1420 4646 sac.
1433 4613 1500 4663 poss.
1512 4597 1556 4661 (D.
1571 4597 1609 4648 zu.
1625 4600 1650 4661 1)
1662 4599 1706 4649 nbi
1718 4599 1773 4650 liar.
1786 4598 1840 4650 Bal.

663 4679 673 4709 ⁹
690 4677 750 4728 Tac.
763 4677 812 4727 An.
825 4691 861 4741 15.
875 4693 896 4728 c„
909 4691 929 4726 1.
1080 4675 1099 4706 ¹⁰
1114 4676 1169 4728 Liu.
1181 4675 1225 4727 lib.
1237 4691 1258 4728 1.
1270 4694 1292 4728 c.
1307 4692 1344 4742 ¹⁵·
1493 4679 1510 4710 ¹¹
1527 4681 1587 4732 Sall.
1600 4681 1654 4748 lug.
1666 4698 1689 4732 c.
1698 4693 1739 4748 97.
