4604 5562
732 741 792 796 DE
820 743 923 797 IURE
952 743 1085 814 BELLI‚
1113 743 1240 813 mal,
1272 744 1359 799 CAP.
1382 745 1468 800 XIX.
1754 734 1792 797 81

405 984 583 1049 defendant
606 1007 642 1049 se
668 1005 742 1049 cum
770 969 996 1050 instrumentis
1018 987 1151 1064 eisdem,
1174 987 1201 1049 si
1224 987 1270 1050 sic
1293 1008 1329 1050 se
1351 988 1528 1052 defendere
1550 985 1728 1070 possunt¹:
1763 997 1798 1051 et

406 1105 524 1160 utrem
542 1116 636 1160 suam
658 1117 723 1160 non
746 1107 937 1179 recuperent
956 1099 1152 1162 auctoritate
1175 1099 1314 1180 propria,
1330 1098 1431 1163 etiam
1455 1099 1562 1164 illico:
1592 1109 1626 1164 et
1645 1099 1678 1162 id
1693 1119 1799 1182 genus

405 1207 474 1286 alia,
501 1228 586 1291 quae
611 1209 657 1272 sic
683 1208 863 1273 uindictam
890 1219 1022 1292 negant,
1049 1210 1273 1274 defensionem
1300 1211 1404 1275 solam
1431 1213 1617 1276 concedunt
1643 1211 1798 1294 priuatis:

405 1339 553 1401 quaeque
576 1319 715 1402 publicis
737 1321 884 1403 personis
907 1331 986 1404 apta
1005 1321 1127 1385 dixerit
1146 1341 1253 1397 nemo,
1271 1330 1305 1385 et
1322 1321 1426 1386 bellis.
1472 1321 1548 1386 Iure
1564 1331 1702 1386 naturae
1716 1319 1799 1385 ultio

405 1432 561 1513 permissa
590 1433 725 1496 iniuriae
755 1443 814 1497 est.
845 1434 906 1498 etsi
936 1435 999 1498 hoc
1029 1435 1223 1516 permissum
1250 1433 1320 1498 iure
1350 1433 1437 1498 ciuili
1464 1454 1530 1498 non
1556 1443 1615 1498 est.
1645 1442 1683 1497 ut
1713 1434 1799 1498 bene

404 1545 502 1608 tradit
525 1545 577 1608 Fr.
602 1543 788 1609 Conanus².
835 1545 896 1609 Est
916 1555 1028 1609 autem
1051 1546 1131 1611 illud
1152 1554 1393 1629 argumentum,
1416 1545 1504 1628 quod
1529 1554 1562 1610 et
1584 1543 1799 1608 iustissimum

405 1657 454 1734 sit,
476 1657 592 1738 punire
616 1665 780 1735 nocentes,
802 1657 852 1720 ius
874 1677 968 1720 suum
992 1658 1112 1723 ulcisci.
1157 1658 1273 1740 Atque
1295 1659 1416 1722 iustum
1440 1659 1483 1721 sit
1505 1667 1683 1739 utrumque
1706 1653 1800 1720 Prin-

406 1769 522 1849 cipum,
538 1767 658 1850 quibus
681 1769 891 1850 magistratus
915 1788 980 1831 non
1003 1778 1088 1834 sunt.
1134 1767 1426 1851 Quemadmodum
1451 1779 1484 1832 et
1502 1770 1714 1852 priuatorum,
1733 1769 1798 1830 sin-

405 1877 552 1960 gulorum
572 1888 651 1955 erat,
669 1899 770 1961 quum
790 1879 1000 1960 magistratus
1018 1900 1083 1943 non
1107 1889 1235 1944 essent:
1266 1889 1299 1944 et
1317 1880 1378 1945 erit
1396 1900 1534 1962 semper,
1552 1899 1655 1962 quum
1679 1879 1800 1961 magis·

405 1999 508 2055 tratus
524 2010 589 2054 non
605 1999 709 2069 erunt,
726 2010 791 2054 non
807 1992 955 2055 ademnt.
1000 1991 1046 2055 Et
1064 1991 1144 2055 haec
1160 2012 1238 2054 uera
1253 2001 1330 2054 sunt
1346 1993 1446 2055 etiam
1466 1991 1499 2054 in
1518 1991 1641 2055 caussis
1658 1989 1799 2054 honoris.

406 2102 454 2166 Ut
472 2103 558 2166 enim
575 2103 757 2166 sententiae
775 2102 910 2180 uarient,
928 2101 954 2164 si
973 2103 1015 2166 ad
1033 2102 1193 2166 honorem
1209 2103 1368 2166 tuendum
1385 2103 1482 2167 liceat
1506 2105 1538 2166 in
1558 2103 1703 2167 duellum
1725 2121 1802 2185 pro-

407 2236 540 2279 uocare:
564 2224 598 2278 et
620 2215 729 2297 plures
752 2214 947 2279 concludere
969 2215 1129 2292 uidentur,
1145 2236 1211 2278 non
1235 2215 1350 2292 licere3
1374 2215 1451 2297 qula
1470 2215 1556 2279 adsit
1579 2215 1800 2296 magistratus,

406 2346 574 2408 perquem
591 2347 630 2389 ea
645 2325 703 2390 frat
718 2325 822 2391 tuitio
867 2325 995 2389 Tamen
1019 2346 1079 2389 nec
1101 2327 1135 2388 in
1159 2326 1361 2409 Principibus
1379 2347 1418 2390 ac
1438 2326 1533 2391 bellis
1552 2325 1742 2408 responderi
1765 2323 1799 2389 id

407 2436 503 2501 ualet.
557 2438 604 2501 Et
629 2438 758 2520 priuato
786 2438 886 2502 etiam
909 2438 1115 2510 concedetur,
1138 2437 1222 2501 sicut
1245 2438 1389 2520 corporis
1412 2457 1585 2520 rerumque
1607 2436 1800 2520 propulsare

407 2549 563 2628 iniuriam,
585 2548 633 2613 ita
656 2549 756 2613 etiam
779 2548 1042 2623 existimationis,
1061 2569 1100 2612 ac
1122 2548 1241 2612 lamae.
1286 2549 1399 2632 Finge,
1421 2548 1563 2631 aliquem
1587 2547 1673 2612 uelle
1695 2548 1801 2612 lamo·

406 2681 477 2724 sum
500 2661 597 2725 edere
620 2661 652 2724 in
676 2671 710 2725 te
732 2661 900 2738 libellum;
928 2670 962 2724 et
984 2681 1050 2724 non
1074 2681 1146 2723 esse
1169 2661 1300 2742 copiam
1324 2659 1546 2742 magistratus.
1590 2660 1801 2742 Respondeo,

407 2771 464 2834 tibi
486 2773 537 2835 ius
560 2793 631 2836 esse
649 2773 680 2836 ui
704 2781 737 2836 et
759 2773 859 2836 armis
880 2791 989 2836 arcere
1012 2771 1255 2836 contumeliam.
1302 2770 1459 2850 Crudelis,
1479 2771 1536 2853 qui
1559 2771 1684 2834 famam
1707 2790 1801 2833 suam

408 2880 551 2963 negligit.
606 2881 691 2945 Cum
714 2881 881 2946 sexcentis
903 2881 983 2946 aliis.
1029 2879 1128 2964 Quod
1152 2882 1179 2944 si
1201 2881 1267 2945 iam
1286 2881 1394 2945 editus
1418 2879 1547 2944 libellus
1567 2879 1619 2957 sit,
1637 2879 1717 2942 nihil
1740 2878 1801 2942 tibi

407 2992 535 3073 priuato
557 3002 714 3076 superest,
733 2993 793 3056 nisi
817 2994 979 3075 idemque,
997 2993 1085 3075 quod
1112 2991 1201 3055 laeso
1224 2992 1290 3056 iarn
1317 2993 1350 3055 in
1377 3011 1520 3074 corpore,
1544 2992 1575 3054 in
1603 2990 1708 3054 rebus.
1755 2989 1802 3054 Et

408 3125 500 3186 pares
521 3105 555 3168 hi
573 3126 667 3170 casus
686 3127 824 3189 semper.
871 3105 939 3171 Sed
959 3105 1092 3187 quando
1110 3105 1320 3169 imminutum
1340 3105 1434 3169 nobis
1452 3106 1560 3169 dicere
1582 3104 1632 3168 ius
1652 3112 1802 3166 nostrum

409 3214 576 3279 ualemus?
602 3226 660 3280 aut
684 3227 852 3300 patratum
874 3217 998 3299 aliquid
1021 3215 1110 3280 bello
1132 3216 1270 3298 dignum
1293 3219 1336 3280 ab
1358 3217 1410 3280 his
1432 3225 1547 3280 contra
1570 3235 1653 3297 quos
1676 3213 1801 3278 bellum

409 3345 539 3391 mouere
561 3328 656 3392 nobis
678 3330 712 3392 in
735 3329 847 3393 animo
874 3327 946 3393 est?
990 3329 1148 3392 Adhibeo
1171 3330 1287 3393 iterum
1311 3349 1384 3392 eam
1409 3327 1646 3410 inspectionem
1671 3345 1802 3388 caussa-

409 3455 486 3515 mm,
513 3439 707 3518 diuinarum,
730 3440 938 3519 naturalium,
964 3439 1191 3503 humanamm.
1246 3439 1299 3502 De
1326 3438 1444 3502 diuinis
1471 3446 1584 3501 autem
1611 3435 1801 3518 expositum

411 3557 459 3613 est
476 3549 562 3616 satis.
608 3552 714 3634 Igitur
731 3552 774 3616 ad
796 3552 961 3617 naturales
979 3553 1183 3635 pergendum
1202 3561 1262 3614 est.

984 3902 1072 3974 Can.
1106 3899 1223 3973 XIX.

695 4101 756 4177 De
778 4101 1018 4178 naturalibus
1042 4101 1179 4176 caussis
1204 4099 1289 4176 belli
1311 4095 1504 4198 inferendi.

453 4301 587 4382 ATQUE
617 4305 670 4370 hic
696 4326 716 4370 a
742 4315 859 4370 natura
885 4305 1009 4370 bellum
1036 4306 1171 4382 dicetur,
1188 4305 1214 4370 si
1236 4314 1371 4388 propter
1397 4303 1430 4366 id
1457 4302 1640 4386 suscipitur,
1666 4301 1754 4384 quod
1781 4315 1802 4364 a

411 4423 522 4480 natura
539 4417 699 4492 tribuitur,
716 4426 750 4482 et
767 4418 810 4481 ab
828 4416 1017 4482 hominibus
1035 4417 1224 4500 denegatur.
1271 4414 1474 4496 Exemplum
1494 4423 1606 4477 autem
1625 4414 1676 4490 sit,
1694 4412 1719 4475 si
1739 4413 1802 4473 iter

556 4634 564 4664 ¹
579 4635 651 4686 Alex.
668 4647 690 4684 1.
701 4651 769 4686 cons.
784 4635 821 4699 76.
835 4634 888 4684 ubi.
901 4633 979 4690 Mol.;
996 4639 1021 4684 et
1034 4647 1089 4698 190.
1103 4647 1125 4696 3.
1140 4646 1177 4696 14.
1191 4642 1212 4696 7.
1227 4647 1281 4697 119.
1416 4630 1426 4658 ²
1442 4631 1506 4680 Con.
1520 4643 1541 4678 1.
1553 4643 1616 4678 com.
1629 4625 1653 4677 6.

1489 4753 1800 4766 -ι-ιψ

1093 4832 1121 4878 Μ
