4456 5566
478 609 1449 622 ——-.-——-—-———————-—-————-———-——--
1456 608 1874 620 —.-..——.—--——.

475 736 525 776 xx
970 710 1377 775 PRAEFATIO.

469 952 619 1035 gena'nm
642 950 876 1015 nobilissimam
898 971 952 1014 mc
973 951 1007 1014 in
1029 950 1083 1014 lais
1104 949 1197 1015 mado
1214 970 1389 1034 cognoscas,
1406 971 1487 1032 qnae
1507 949 1587 1032 agas
1608 950 1727 1014 littaris
1747 949 1876 1031 scripta,

474 1066 508 1118 et
527 1066 672 1137 expressa
694 1055 810 1134 narbas,
824 1054 883 1118 sad
900 1055 934 1119 in
957 1056 1089 1138 reliquis
1115 1055 1269 1134 omnibns,
1291 1075 1373 1136 qnae
1393 1062 1472 1118 snnt
1481 1054 1639 1136 plurima,
1654 1064 1686 1117 et
1700 1053 1876 1128 sententiis,

475 1169 630 1240 tanquam
639 1159 794 1240 germina
808 1158 971 1241 stirpibus,
986 1157 1191 1223 clauduntur.

525 1287 613 1352 Uale.
659 1287 759 1352 Onon.
776 1288 857 1352 Kal.
875 1288 960 1370 Sept.
981 1285 1073 1369 1589.

527 1475 624 1549 Sunt
649 1476 722 1548 hae
748 1476 1080 1549 commentationes
1109 1475 1227 1549 forma
1258 1474 1495 1570 quaternaria
1521 1474 1672 1549 minore.
1738 1473 1878 1547 Carent

477 1607 722 1705 capitulorum
752 1607 1060 1683 distinctionibus
1115 1607 1255 1704 Carent
1286 1608 1445 1704 paginae
1473 1609 1645 1682 numeris
1700 1607 1877 1682 Continet

478 1742 743 1817 commentatio
761 1742 879 1839 prima
897 1767 957 1838 pp.
978 1740 1052 1815 xlii.
1095 1740 1253 1837 Incipit‘
1270 1739 1413 1814 Bellum
1431 1757 1490 1814 est
1507 1742 1696 1815 contentio
1714 1737 1876 1813 armata.'

481 1875 758 1950 Commentatio
776 1876 939 1950 secunda
956 1874 1121 1949 continet
1135 1899 1194 1970 pp.
1208 1873 1322 1961 lxxiii,
1335 1891 1373 1948 et
1392 1875 1519 1971 incipit
1533 1873 1877 1968 ‘Quemadmodum

482 2017 600 2083 ‘uero
630 2007 769 2082 bellum
801 2010 897 2083 iuste
928 2007 1196 2103 susciperetur.'
1250 2007 1529 2082 Commentatio
1560 2009 1670 2082 tertia
1700 2033 1759 2104 pp.
1793 2007 1876 2078 xcvi

423 2216 426 2224 ,
482 2143 657 2228 continet,
676 2157 715 2216 et
733 2142 859 2239 incipit
877 2151 885 2179 ‘
904 2141 1099 2215 Hactenus
1125 2140 1173 2214 de
1192 2141 1270 2215 iure
1294 2167 1378 2214 cum
1403 2142 1626 2238 suscipiendi
1645 2158 1725 2215 tum
1743 2140 1877 2238 agendi

485 2274 668 2348 ‘bellum’

536 2512 597 2585 Ex
623 2511 720 2587 thesi
746 2510 893 2587 libellus
919 2513 1038 2586 factus
1064 2529 1165 2586 erat:
1201 2539 1249 2587 ex
1275 2510 1401 2588 libello
1428 2513 1600 2609 denique,
1628 2529 1714 2610 post
1744 2533 1880 2587 nouem

484 2671 664 2720 annorum
692 2646 936 2734 interuallum,
954 2646 1092 2719 sactum
1119 2661 1178 2718 est
1204 2671 1319 2742 opus;
1347 2646 1883 2742 quodHanouiae,nnxcv111‚

485 2781 586 2877 apud
605 2780 702 2855 Guil.
722 2781 929 2856 Antonium
955 2783 992 2854 in
1010 2780 1129 2854 lucem
1149 2781 1293 2877 prodiit.
1341 2781 1491 2856 Titulus
1510 2783 1543 2855 ei
1565 2781 1629 2854 DE
1649 2781 1745 2854 luna
1766 2781 1882 2854 Brun

399 2941 401 2947 ⁴
485 2938 589 2988 L1BR1
618 2937 726 3001 TREs;
761 2917 825 3012 qui
856 2914 1041 2989 tres-libri
1079 2915 1256 2988 materiae
1290 2916 1488 3012 quinquies
1522 2933 1667 2990 tantum
1702 2933 1882 3012 quantum

487 3062 563 3120 tres
582 3048 665 3122 illae
683 3051 1017 3124 commentationes
1036 3051 1234 3125 continent.
1278 3050 1415 3148 Operis
1434 3051 1553 3125 forma
1571 3051 1799 3126 duodenaria
1817 3067 1883 3124 est

490 3181 762 3257 Praefationem
790 3183 928 3258 nullam
954 3182 1077 3258 habet.
1131 3186 1266 3283 Capita
1296 3202 1334 3258 et
1365 3187 1523 3284 paginae
1553 3185 1722 3284 (quarum
1751 3181 1884 3282 nccxv)

487 3317 650 3390 numeris
691 3318 975 3416 distinguuntur.
1049 3317 1177 3391 Uerba
1216 3317 1319 3415 siglis
1360 3320 1577 3416 saepissime
1617 3319 1881 3417 exprimuntur.

488 3450 658 3548 Operum
688 3453 884 3528 citatorum
915 3451 998 3526 libri
1026 3468 1179 3538 tantum,
1212 3453 1291 3525 sine
1326 3451 1400 3526 ulla
1430 3456 1591 3552 capitum
1619 3470 1684 3528 aut
1710 3477 1885 3526 uersuum

486 3587 684 3674 mentione,
711 3588 919 3663 indicantur
930 3593 951 3661 ¹.

539 3720 666 3796 Editio
694 3722 821 3811 altera,
850 3722 960 3821 priori
989 3721 1183 3808 simillima,
1210 3722 1310 3819 apud
1337 3723 1496 3797 heredes
1523 3723 1691 3796 eiusdem
1716 3721 1884 3808 Antonii,

492 3853 702 3942 Hanouiae,
720 3882 818 3931 anno
844 3880 987 3942 uncxu,
1012 3856 1158 3951 prodiit.
1208 3857 1348 3930 Iterum
1370 3859 1469 3955 typis
1493 3858 1689 3931 mandatus
1715 3873 1774 3931 est
1796 3872 1886 3929 trac-

489 4002 589 4060 tatus
607 4005 734 4063 noster
751 3990 788 4061 in
812 3989 931 4085 primo
958 3987 1145 4063 uolumine
1170 3989 1342 4065 editionis
1359 3991 1532 4065 Albaniai
1556 3992 1715 4066 Gentilis
1736 4001 1886 4088 opernm
1997 4050 2000 4056 ,

488 4121 662 4210 amnium,
678 4121 850 4218 Neapoli,
864 4145 1038 4196 uocetxx
1056 4150 1079 4195 a
1100 4124 1179 4198 loh.
1197 4125 1355 4200 Grauier
1369 4127 1584 4213 inchoatae;
1608 4152 1705 4222 quae
1723 4126 1886 4222 quidem,

532 4405 540 4438 ¹
564 4405 660 4465 Huius
675 4406 809 4467 editionis
824 4406 972 4484 exemplar
980 4407 1018 4466 ab
1027 4407 1163 4466 Alberico
1176 4407 1300 4467 Iohanni
1312 4407 1439 4469 Seldeno
1454 4409 1534 4469 dono
1550 4409 1650 4468 datum
1664 4409 1695 4482 in
1707 4408 1888 4469 Bibliotheca

491 4505 651 4565 Bodleiana
667 4507 844 4566 adseruatur.
886 4505 965 4566 Illius
980 4525 1069 4565 manu
1083 4508 1173 4566 uerba
1188 4506 1330 4566 ‘Alberici
1344 4506 1567 4581 munusculum,'
1583 4507 1668 4567 huius
1683 4507 1764 4566 ‘Ioh.
1780 4507 1888 4567 Selden

489 4609 548 4681 περὶ
561 4607 655 4664 παντὸς
667 4607 714 4678 τὴν
727 4605 889 4680 ε’λευθερίαν,’
905 4607 934 4664 in
949 4606 1092 4685 principio
1107 4608 1203 4683 Operis
1218 4607 1389 4667 scribuntur.
