4456 5566
718 694 779 748 DE
806 693 910 750 IURE
940 695 1074 767 BELLI,
1103 697 1230 768 LIB.I‚
1262 697 1350 754 CAP.
1372 700 1411 755 X.
1718 710 1761 777 43

363 933 564 1001 ,Iudaeorum
587 955 772 1020 synagogas
788 944 957 1002 narratur:
984 937 1145 1019 quianon
1165 957 1224 1002 eae
1244 948 1352 1004 essent
1373 937 1596 1018 bacchanalia,
1611 947 1669 1005 aut
1685 957 1764 1004 con·

366 1045 530 1111 uenticula
546 1046 730 1112 turbandae
745 1049 828 1131 paci,
841 1057 876 1112 at
888 1048 1018 1114 scholas
1030 1048 1189 1114 uirtutum
1200 1047 1220 1114 ¹.
1266 1049 1376 1133 Saepe
1388 1050 1522 1132 quidem
1535 1049 1644 1115 solent
1659 1050 1764 1116 illiciti

368 1179 437 1223 esse
447 1166 561 1223 coetus
576 1159 637 1223 sub
649 1167 826 1242 praetextu
839 1159 1014 1244 religionis,
1025 1170 1058 1226 et
1070 1161 1313 1227 interdicendit
1341 1161 1511 1227 Coitiones
1523 1182 1584 1227 nec
1595 1163 1675 1227 satis
1687 1169 1765 1227 sunt

363 1277 467 1347 tutae,
488 1279 523 1334 et
538 1278 616 1334 sunt
635 1271 760 1334 uetitae
775 1291 906 1353 semper
914 1269 936 1336 ³.
971 1271 1039 1337 Sed
1058 1292 1160 1354 quum
1176 1281 1323 1356 apparet,
1340 1273 1421 1337 nihil
1442 1273 1511 1337 fieri
1527 1273 1596 1337 tale
1617 1294 1661 1337 ex
1677 1273 1765 1338 mala

363 1399 489 1459 caussa,
503 1390 610 1446 cessat
625 1380 681 1445 lex
696 1403 783 1465 quae
798 1381 950 1466 prohibet
959 1381 982 1449 ⁴.
1013 1384 1059 1447 Et
1075 1384 1120 1448 sic
1135 1383 1305 1448 Adrianus
1320 1384 1447 1448 uoluit:
1469 1403 1530 1448 sua
1545 1383 1646 1450 coluit
1661 1405 1764 1462 sacra,

367 1491 472 1557 aliena
494 1493 694 1576 contempsit
703 1493 725 1560 ⁵.
770 1494 817 1558 Et
837 1494 883 1559 sic
907 1503 957 1560 est
976 1495 1115 1578 epistola
1138 1495 1252 1574 Marci,
1271 1503 1388 1560 uetans
1410 1495 1535 1559 turbari
1559 1494 1764 1561 Christianos

367 1604 425 1670 nisi
449 1605 504 1687 qui
535 1605 676 1670 conuicti
703 1612 812 1671 essent
845 1614 991 1671 tentasse
1021 1606 1145 1689 aliquid
1176 1616 1289 1672 contra
1315 1607 1564 1691 rempublicam,
1595 1627 1656 1672 nec
1682 1608 1762 1690 quid

366 1736 464 1798 quam
483 1716 530 1780 eis
548 1715 744 1781 obiiceretur
759 1725 890 1800 praeter
908 1715 1099 1800 religionem
1118 1718 1293 1784 diuersam.
1337 1719 1384 1783 Et
1403 1719 1450 1783 sic
1470 1717 1601 1784 Iudaeis
1619 1719 1763 1783 seruauit

364 1827 533 1909 priuilegia
547 1826 745 1892 Alexander
760 1826 921 1893 Seuerus:
946 1827 1150 1893 Christianos
1166 1849 1246 1908 esse,
1261 1851 1377 1913 passus
1393 1839 1443 1895 est
1451 1830 1474 1895 ⁸.
1515 1829 1628 1895 Etiam
1643 1829 1762 1895 liberos

367 1959 435 2004 esse
466 1937 681 2016 Christianos,
707 1939 800 2003 iussit
824 1939 986 2004 Traianus
1015 1949 1121 2014 antea,
1150 1941 1193 2004 de
1223 1949 1409 2005 nostrorum
1439 1939 1545 2005 isthac
1575 1941 1763 2006 innocentia

366 2051 501 2116 edoctus
522 2068 544 2114 a
566 2049 681 2115 Plinio.
726 2051 804 2115 Non
826 2049 926 2115 hodie
949 2051 1074 2128 Iudaei,
1091 2050 1277 2130 Christiani,
1296 2052 1443 2116 seruntur
1457 2052 1519 2116 sub
1537 2051 1678 2117 Turcico
1700 2052 1762 2115 im·

365 2163 454 2246 perio
475 2159 627 2245 publice?
669 2161 809 2238 Turcae,
833 2160 957 2241 Iudaei,
980 2162 1106 2235 Graeci,
1131 2173 1165 2228 et
1191 2183 1383 2246 synagogae
1407 2163 1616 2242 Iudaeorum,
1640 2171 1674 2227 et
1698 2164 1762 2227 Ec·
1844 2175 1846 2182 ⁴

367 2273 483 2339 desiae
502 2273 703 2338 Graecorum
726 2272 875 2337 seruntur
896 2273 998 2338 etiam
1021 2275 1082 2338 sub
1102 2273 1270 2339 Pontificis
1293 2273 1431 2357 imperio
1451 2273 1602 2350 Romani,
1621 2273 1761 2350 Romae,

367 2385 535 2451 Anconae.
580 2385 620 2448 In
634 2385 762 2467 templo
777 2383 865 2449 Petri
881 2384 1011 2449 Rornae
1025 2384 1221 2463 Orientales,
1236 2393 1270 2450 et
1284 2385 1471 2467 Aethiopes
1489 2405 1549 2448 suo
1566 2404 1656 2449 more
1671 2403 1763 2449 sacra

366 2497 470 2563 iacere
488 2497 586 2575 soliti,
604 2504 638 2561 et
655 2495 726 2560 aliti
744 2495 908 2559 sumtibus
927 2495 1127 2561 Pontificis⁷.
1173 2495 1240 2580 Ipsi
1260 2494 1441 2560 Lutherani
1460 2496 1561 2560 etiam
1583 2517 1659 2561 cum
1677 2495 1761 2579 pub-

361 2608 426 2676 lico
448 2607 608 2675 exercitio
630 2607 779 2671 feruntur
796 2606 829 2669 in
847 2605 1086 2689 principatibus
1107 2606 1175 2671 iere
1193 2607 1346 2672 omnibus
1365 2607 1421 2690 qui
1440 2607 1473 2669 in
1489 2606 1666 2671 Germania
1685 2615 1762 2672 sunt

361 2720 507 2786 -lamiliae
521 2719 727 2786 Austriacae.
760 2717 805 2782 Et
820 2718 970 2782 diuersae
985 2717 1159 2802 religiones
1175 2739 1241 2782 non
1257 2740 1277 2782 a
1292 2718 1370 2783 solis
1386 2717 1592 2797 Lutheranis,
1608 2719 1699 2802 quod
1714 2719 1762 2783 ait

364 2832 591 2911 Bellarminus,
620 2831 677 2895 sed
706 2829 807 2894 etiam
831 2850 852 2893 a
877 2827 1066 2904 Catholicis,
1090 2831 1180 2915 quod
1207 2829 1426 2894 Bellarminus
1449 2839 1557 2912 negat,
1581 2828 1761 2895 serunturt

367 2947 442 3012 Non
465 2965 540 3010 cum
563 2963 628 3007 una
652 2940 808 3025 religione
830 2940 954 3004 uiuitur
975 2940 1009 3004 in
1031 2941 1111 3006 urbe
1133 2941 1298 3025 Augusta,
1320 2941 1515 3018 Ratisbona,
1536 2941 1761 3020 FrancosurtO,

367 3057 435 3122 aliis
467 3055 577 3120 liberis
608 3052 806 3119 Germaniae
835 3051 1031 3116 ciuitatibus,
1073 3052 1129 3118 Sic
1160 3053 1284 3132 Poloni‚
1313 3052 1360 3118 sic
1391 3051 1550 3130 Heluetii,
1580 3053 1628 3117 sic
1658 3051 1759 3118 Rheti

366 3169 488 3234 uiuunt
533 3167 580 3232 Et
602 3176 639 3231 tu
659 3164 745 3229 fallis
767 3183 836 3241 noe,
858 3171 917 3227 aut
940 3163 1010 3246 ipse
1031 3163 1160 3242 falleris
1186 3165 1277 3229 Iuste
1301 3163 1403 3248 Lipsi,
1425 3163 1481 3246 qui
1503 3183 1613 3246 negas,
1637 3161 1670 3226 in
1693 3184 1760 3228 uno

366 3281 547 3363 principatu
573 3277 662 3360 apud
686 3275 870 3340 Germanos
892 3295 973 3350 esse,
992 3274 1053 3339 nisi
1076 3296 1176 3339 unam
1199 3274 1390 3358 religionem
1399 3276 1421 3338 ⁰.
1467 3273 1557 3339 Sane
1577 3274 1679 3340 fertur
1698 3275 1759 3340 nisi

367 3415 428 3457 una
443 3414 463 3457 a
479 3390 685 3473 Principibus
700 3385 909 3452 Lutheranis.
956 3386 1003 3450 Et
1020 3386 1084 3450 hoc
1106 3407 1183 3450 uere
1205 3396 1319 3452 contra
1342 3386 1587 3452 Bellarminum.
1632 3387 1700 3453 Sed
1715 3387 1759 3451 ab

367 3503 547 3568 Austriacis
575 3501 679 3566 fertur
707 3499 808 3562 etiam
834 3496 1097 3579 Anabaptistica,
1123 3517 1189 3560 non
1223 3498 1323 3560 modo
1352 3497 1531 3574 Hussitica,
1557 3496 1759 3564 Lutherana.

365 3614 432 3681 Adi
468 3615 502 3678 in
540 3611 734 3688 Morauiam,
768 3608 971 3687 Bohemiam,
1002 3606 1146 3685 Stiriam,
1179 3607 1391 3686 Cariathiam,
1419 3606 1617 3684 Carniohm,
1652 3609 1759 3691 ipsam

365 3725 544 3792 Austriam.
588 3724 761 3786 Laudatur
777 3741 875 3803 porro
895 3717 1104 3784 Constantini
1122 3718 1276 3796 edictum,
1291 3738 1351 3800 per
1365 3719 1455 3802 quod
1474 3727 1606 3802 poterat
1620 3720 1760 3803 quisque

366 3857 480 3904 uacare
496 3837 570 3901 Deo
589 3835 770 3900 secundum
789 3850 883 3896 suam
901 3839 1035 3908 sectam,
1051 3829 1152 3894 etiam
1170 3837 1206 3892 ut
1224 3827 1267 3897 ad
1286 3829 1425 3893 alteram
1444 3829 1634 3912 religionem
1652 3838 1759 3895 trans-

365 3951 410 4016 ire
424 3946 575 4034 posset¹⁰.
597 3945 863 4027 Conuenisseque
878 3944 911 4007 id
924 3951 1113 4025 temporum
1125 3940 1365 4024 tranquillitati,
1376 3951 1413 4007 ut
1424 3951 1573 4025 potestas
1585 3943 1760 4029 unicuique

366 4072 447 4128 esset
475 4081 537 4146 pro
565 4080 615 4138 e0‚
641 4066 742 4140 atque
771 4051 881 4132 uellet,
909 4053 1015 4119 colere
1042 4054 1190 4118 diuinum
1217 4073 1350 4120 numen.
1414 4054 1667 4120 Ualentinianus
1696 4054 1760 4124 hoc

451 4287 460 4316 ¹
471 4285 535 4338 Phil.
546 4285 578 4336 de
589 4285 677 4348 legat.
690 4283 727 4348 (p.
738 4283 820 4345 ¹035)·
885 4277 924 4328 ²1.
938 4293 959 4331 a.
971 4278 1003 4328 de
1015 4284 1076 4329 extr.
1088 4295 1122 4328 cr.
1135 4279 1180 4342 (D.
1193 4288 1233 4344 47.
1247 4280 1304 4342 11);
1320 4279 1359 4329 l.1
1373 4278 1405 4330 de
1417 4279 1506 4344 colleg.
1518 4279 1563 4342 (D.
1575 4279 1615 4344 48.
1630 4281 1665 4343 ι).

369 4369 480 4421 'Manat
491 4385 538 4436 pro
548 4369 621 4426 Sex.;
638 4368 767 4431 Ascopro
779 4366 856 4416 Corn.
911 4361 1162 4425 ‘Ale5.cons.107.
1216 4361 1759 4428 ⁵1ust.np01.;Spunia.;ean.3.hist.28.

444 4451 455 4481 ⁸
468 4451 584 4517 men:
608 4448 654 4498 Pli.
666 4448 710 4498 ult.
724 4447 795 4514 epist.
806 4457 847 4511 97,
859 4445 905 4510 98;
923 4443 1015 4494 Euseb.
1028 4457 1050 4506 3.
1064 4453 1103 4506 η.
1117 4458 1163 4506 333
1180 4443 1248 4495 Tert.
1262 4442 1337 4508 Apol.
1349 4455 1372 4506 5.
1486 4441 1497 4474 ἵ
1514 4444 1568 4494 lou.
1580 4443 1624 4496 lib,
1638 4445 1677 4495 18.

384 4531 393 4562 ⁸
408 4531 495 4584 Bellar.
508 4545 530 4596 5.
543 4549 565 4584 c.
576 4547 618 4582 on.
629 4531 673 4582 lib.
687 4545 709 4594 3.
720 4545 743 4580 c.
758 4543 794 4595 ¹9·
806 4535 831 4578 et
846 4529 882 4578 18.
954 4524 965 4555 ⁰
981 4525 1049 4592 Lips.
1060 4525 1093 4576 de
1104 4525 1161 4576 Una
1171 4524 1253 4590 Relig.
1270 4575 1284 4602 a
1323 4523 1342 4555 ¹⁰
1359 4525 1435 4582 Zona
1447 4525 1505 4576 Nic.
1517 4524 1582 4576 Call.
1597 4535 1618 4588 7.
1630 4524 1688 4575 hist.
1700 4539 1742 4590 41.

1033 4731 1092 4782 Ga
